4052 6164
249 120 327 181 tall
821 121 1031 186 anaarastt
1054 121 1381 186 BlelO'l'lllthlill.
1838 135 1895 204 lag

283 251 301 306 5
319 247 567 323 promulgationes
582 265 727 305 canonum
743 252 1023 322 excommunicatus,
1040 252 1190 325 depositus
1205 255 1234 308 et
1248 251 1435 311 anathemate
1460 249 1574 306 vinctus
1598 250 1704 308 luerat:
1717 270 1767 310 oon
1788 256 1896 325 babentes

321 349 409 402 iteum
440 363 497 418 prae
520 344 622 412 oculis,
639 345 792 418 ipsiusque
811 355 955 420 praecepta
970 350 1146 406 contundere
1175 354 1208 404 ot
1233 347 1347 420 tyranni
1377 346 1540 418 cupientes,
1555 344 1698 406 evidenter
1723 353 1898 420 meditabantur
1976 329 1977 336 ἵ

319 440 445 514 qualiter
459 443 595 498 eumdem
611 443 736 515 ejectum
753 445 1092 520 anathematizatumque
1116 446 1302 502 ¹inustasium
1325 443 1483 517 apostolico
1498 441 1626 499 culmine
1648 445 1813 506 sublevarent
1824 462 1899 516 contra

316 539 503 596 traditionem
532 540 724 612 omniumque
752 543 918 598 sanctiones
947 543 1331 615 pontificumvicorumqus
1360 540 1515 596 almorum.
1533 540 1615 596 Missi
1642 558 1833 618 quoque,quos
1853 553 1898 623 jam

317 655 408 710 supra
422 637 622 704 meminimus,
637 638 688 710 qui
711 639 878 712 imperatori
894 643 1029 696 nostrum
1044 641 1192 697 decretum
1212 638 1417 712 benignissimi
1432 637 1468 694 de
1482 636 1623 696 electione
1647 638 1781 697 Benedicti
1801 661 1899 718 poma

265 737 298 792 lo
317 739 393 803 rant,
410 736 440 790 id
455 741 500 792 est
514 735 650 792 Nicoluus
665 736 830 808 episcopus,
845 741 874 792 et
890 737 1052 794 Mercurius
1067 738 1207 811 magister
1222 736 1361 802 militum,
1379 735 1528 792 mentibus
1544 735 1690 810 cognitum
1705 745 1851 812 conceptum
1863 747 1899 803 ha.

317 833 418 889 bentes
434 831 589 889 consilium
605 849 672 888 cum
696 832 761 889 aliis
783 833 960 906 quibusdam
977 836 1099 891 Romam
1115 833 1224 908 egressi
1241 833 1396 900 nobilium,
1411 832 1441 888 id
1465 836 1510 888 est
1532 831 1667 902 Gregorio
1682 832 1900 916 Christophomqoa

317 929 466 1002 magistris
496 930 634 995 militum,
660 931 773 986 obviarn
790 932 874 1003 quasi
901 931 1085 1005 imperatoris
1100 931 1204 1004 legatis
1219 931 1340 1004 proiecti
1356 933 1435 995 sunt,
1452 930 1629 1002 liortamque
1651 935 1849 1002 properantibus
1866 957 1900 996 ar-

316 1029 394 1095 bem,
411 1026 560 1083 lidelitotis
589 1030 898 1101 sacramentumquod
916 1030 1042 1085 lacerant
1070 1029 1197 1085 almifico
1224 1027 1379 1084 Benedicta
1409 1025 1651 1101 parvipendentes
1677 1027 1893 1107 obliviscentesque

318 1124 408 1182 electo
424 1125 562 1180 damnato
588 1141 619 1180 se
643 1126 867 1196 conjunxerunt,
884 1127 1074 1199 depositoque
1099 1127 1267 1198 presbytero
1282 1125 1336 1181 hac
1352 1125 1407 1180 sub
1423 1123 1574 1181 occasione
1598 1123 1681 1179 multi
1704 1128 1865 1186 concedentes
1876 1105 1901 1190 ah

264 1225 298 1279 15
317 1223 389 1278 urbe
405 1221 539 1277 similiter
554 1226 737 1294 peregerunt,
750 1223 910 1296 cogitantes
934 1223 1101 1290 concilium,
1109 1225 1194 1296 juxta
1209 1222 1281 1278 illud
1295 1221 1442 1295 prophetae
1465 1220 1591 1295 elogium
1604 1221 1652 1294 (a),
1664 1222 1737 1295 quod
1759 1241 1809 1280 nou
1829 1233 1901 1300 potne-

317 1324 385 1377 runt
401 1319 540 1376 stabilire.
552 1319 628 1375 Urbe
653 1319 756 1375 deinde
785 1325 923 1377 exeuntes
939 1321 974 1378 ab
989 1322 1078 1377 Horta
1088 1322 1174 1393 juxta
1187 1319 1337 1377 basilicam
1354 1320 1430 1378 beati
1453 1317 1552 1376 Lenoii
1580 1318 1715 1391 martyris
1741 1331 1901 1393 pervenerunt,

317 1418 494 1474 insultantes
510 1421 538 1473 et
553 1417 712 1490 gloriantes
727 1418 756 1472 in
774 1435 827 1476 sua
840 1419 956 1485 virtute,
972 1435 1039 1475 cum
1055 1419 1164 1492 quibus
1179 1401 1348 1474 liodoaldus
1364 1415 1533 1473 Portuensis
1547 1415 1710 1488 episcopus,
1722 1417 1903 1494 Tudertioaque
1978 1473 1979 1476 ,

317 1515 525 1588 urbis'lgathn
540 1514 663 1570 antistes
690 1515 821 1578 aderant,
835 1516 885 1588 qui
902 1515 976 1572 olam
993 1516 1086 1572 lloma
1109 1515 1303 1572 discesserant
1328 1515 1410 1571 urbe.
1427 1515 1462 1570 lit
1485 1515 1580 1570 eidem
1605 1513 1831 1573 anathematizato
1849 1524 1903 1576 terra

316 1613 421 1670 irretiti
437 1611 561 1684 caligine
576 1629 607 1668 se
619 1612 789 1682 junxerant,
806 1613 953 1668 obscurati
970 1629 1070 1682 sensu,
1087 1617 1183 1669 mente
1198 1611 1350 1669 stenima.

353 1720 429 1778 teo
441 1719 499 1774 lloc
511 1718 573 1791 ipse
584 1717 634 1773 Dei
644 1717 773 1773 tumulus
784 1718 907 1774 audiens
918 1718 1091 1774 Benedictus
1101 1718 1221 1786 electus,
1229 1717 1262 1774 G.
1271 1718 1304 1774 G.
1317 1717 1707 1791 Majonemquevenerabiles
1717 1719 1901 1793 prudentesque,

317 1823 345 1874 et
360 1816 439 1874 ornni
456 1815 579 1872 scientia
595 1814 696 1888 plenos
711 1815 874 1888 episcopos,
885 1814 957 1886 ipsis
972 1814 1174 1887 imperialibus
1190 1814 1290 1870 missis
1304 1832 1372 1870 corn
1384 1813 1532 1887 aliquibus
1546 1815 1653 1873 litteris
1668 1816 1904 1887 studuitdastinare,

318 1933 392 1988 quos
407 1913 658 1987 apprehendentes
673 1912 753 1968 Actio
769 1913 1012 1968 anathematizato
1028 1915 1165 1968 monente
1181 1913 1347 1986 presbytero
1362 1911 1517 1969 unxerunt
1528 1917 1556 1971 et
1571 1913 1740 1972 custodibus
1750 1915 1902 1984 tradiderunt,

318 2014 394 2086 quod
410 2029 463 2067 nec
479 2010 595 2067 barbari
611 2009 734 2082 gentiles
749 2009 778 2064 in
793 2008 897 2084 legatis
920 2009 1076 2082 perfecisse
1092 2010 1262 2065 audiuntur.
1280 2010 1469 2067 Postmodum
1495 2016 1592 2068 autem
1608 2011 1715 2086 sapius
1729 2012 1814 2069 dictus
1827 2013 1904 2072 tense

281 2113 299 2166 5
318 2110 454 2164 minister
469 2107 641 2162 benedictos
657 2107 765 2162 clectus
779 2106 939 2163 adrianum
955 2107 1101 2180 insignem
1123 2107 1357 2164 secundicerium
1382 2113 1489 2166 sanctae
1504 2110 1582 2167 sedis
1597 2110 1758 2184 apostoliea
1772 2110 1832 2180 illis,
1843 2115 1904 2184 atque

318 2206 489 2278 Gregorium
505 2205 608 2260 ducem
625 2204 739 2259 obviam
756 2205 869 2260 direxit.

355 2313 427 2368 001
447 2311 541 2366 altera
568 2314 663 2364 autem
681 2309 738 2376 die,
753 2309 893 2365 missione
917 2311 1081 2382 iungentes,
1097 2311 1177 2366 omni
1207 2309 1282 2367 clero
1311 2315 1476 2385 cunctoque
1504 2311 1619 2370 senatui
1635 2316 1664 2370 et
1679 2313 1803 2369 universo
1827 2312 1904 2385 populo

319 2409 529 2465 mandaverunt
544 2410 575 2462 ut
590 2406 703 2462 obviam
721 2405 779 2461 illis
794 2410 876 2460 trans
887 2405 1015 2460 blilvium
1031 2410 1147 2478 pontem
1159 2405 1344 2478 imperatoris
1354 2408 1541 2482 jussionibus
1551 2411 1724 2466 irent'lunc
1738 2409 1906 2467 omoesdalun

317 2507 479 2563 nescientes
493 2503 615 2562 Ronlani
627 2522 721 2576 nequo
734 2504 877 2560 fullariam
890 2504 1106 2574 angariaverunt,
1115 2501 1305 2575 Milvinmquc
1316 2509 1396 2562 trans
1407 2509 1524 2579 piantem
1536 2505 1643 2562 Urbem
1655 2507 1760 2580 egressi
1770 2505 1906 2562 unanimiter

318 2609 516 2678 perrexerunt.
529 2601 756 2674 properantibus
772 2603 889 2674 quidem
906 2601 940 2656 ad
958 2599 1096 2672 martyris
1112 2600 1176 2672 jnrn
1192 2600 1241 2655 lati
1261 2601 1424 2669 basilicam,
1438 2602 1493 2674 ipsi
1510 2603 1545 2658 de
1560 2603 1671 2675 quibus
1681 2603 1741 2674 jam
1756 2620 1832 2675 supra
1844 2601 1905 2673 legati

281 2705 299 2758 5
318 2700 518 2766 meminimus,
533 2698 627 2754 eidem
639 2699 770 2772 deposito
781 2698 1083 2769 anathematizatoque
1094 2697 1262 2770 presbytero
1274 2699 1409 2772 episcopo
1418 2699 1513 2754 clerus
1523 2701 1662 2756 Romanae
1674 2698 1799 2772 plebisoc
1808 2713 1906 2771 proceres
1980 2733 1981 2738 κ

316 2797 514 2864 obviaverunt,
531 2812 598 2852 cum
615 2796 723 2867 quibus
739 2795 846 2868 pariter
860 2795 1025 2868 equitantes
1041 2810 1092 2866 per
1106 2795 1227 2850 Neronis
1242 2812 1378 2867 campum
1396 2795 1516 2851 Urbium
1533 2795 1596 2866 jam
1611 2795 1727 2852 moeniis
1742 2795 1906 2868 properabant.

315 2895 473 2952 Adrianum
487 2909 601 2966 qusque
612 2892 756 2965 insignem
769 2892 1014 2960 secundicerium,
1023 2893 1058 2948 dc
1073 2908 1130 2964 quo
1146 2909 1236 2965 supra
1246 2893 1411 2958 retulimus,
1422 2891 1561 2948 vallatum
1573 2893 1746 2949 custodibus
1755 2892 1908 2956 deducebant,

316 2992 487 3048 Gratianum
498 3007 564 3046 vero
575 2988 650 3044 sacri
667 3006 756 3062 supcr
767 2989 853 3044 istam
865 2989 1034 3061 patriarchii
1049 2993 1137 3062 atque
1148 2988 1336 3045 Theodorum
1356 2989 1540 3045 scriniarium
1562 2989 1805 3062 apprehendentes
1813 2987 1909 3046 reclusa

317 3089 426 3145 lancois
437 3087 600 3144 retinebant
610 3086 876 3159 clastrictos,quod
890 3085 1058 3142 nullatcnus
1068 3087 1412 3160 Augustorumjussione
1422 3090 1618 3160 preceperant
1628 3101 1786 3143 aeneorum
1796 3084 1910 3139 voluntate
1981 3078 1982 3142 l

262 3188 298 3245 lO
315 3176 506 3252 dictaverant,
514 3185 566 3240 sed
576 3183 631 3240 hoc
643 3183 742 3239 infelix
752 3184 875 3256 depositi
888 3184 1076 3257 praesumptio
1089 3185 1193 3258 agebat
1203 3183 1780 3260 presbyteri,quivirtutibusbeonianam
1791 3197 1846 3238 eum
1856 3179 1907 3252 ipsis
1981 3167 1982 3170 ¹

316 3281 437 3340 Cesaris
451 3281 555 3355 legatis
570 3279 736 3354 ingrediens
752 3281 857 3336 Urbem
874 3280 1073 3353 apostolorum
1088 3285 1206 3353 repente
1221 3297 1310 3352 quarn
1327 3297 1384 3336 non
1401 3280 1541 3338 debuerat
1555 3280 1699 3354 principis
1715 3279 1823 3336 introire
1835 3275 1908 3333 basili·

315 3397 390 3452 cam,
407 3379 456 3435 Dei
472 3377 684 3452 parvipendens
695 3376 854 3449 judicium,
867 3378 1005 3434 audacter
1019 3377 1135 3446 invasit,
1149 3381 1286 3449 tantaque
1302 3393 1334 3433 ac
1349 3377 1418 3434 talia
1433 3377 1756 3451 inlaustaeoperationis
1768 3373 1836 3432 mela
1846 3387 1907 3446 pere·

316 3478 359 3550 git
373 3476 472 3550 qualia
482 3491 535 3531 nee
551 3477 694 3531 Saracena
708 3473 737 3529 in
755 3491 788 3530 ca
803 3475 936 3546 pellicere
953 3491 1059 3531 manus
1069 3473 1256 3547 presumpsit
1265 3475 1310 3530 vel
1320 3474 1463 3530 arbitrata
1475 3478 1529 3531 est.
1542 3475 1691 3548 Imagines
1703 3474 1776 3530 enim
1789 3466 1909 3541 molangit

315 3573 434 3647 ignique
449 3572 652 3638 concremavit,
665 3575 693 3627 et
707 3572 849 3642 synodum
866 3589 954 3644 quam
971 3589 1060 3644 supra
1077 3571 1236 3628 sanctuarii
1250 3572 1358 3644 januas
1374 3572 1463 3628 beata
1474 3571 1622 3628 mcmoeiae
1641 3573 1697 3628 Leo
1710 3570 1785 3644 pingi
1797 3583 1859 3642 papa
1866 3567 1909 3637 jus

219 3699 228 3708 -
263 3671 296 3726 15
315 3674 392 3727 serat
407 3668 560 3734 destruxit,
574 3667 748 3739 Driniiniqnc
758 3667 827 3722 lesu
840 3668 944 3723 Christi
956 3670 1078 3740 ejusque
1090 3685 1205 3740 semper
1220 3667 1349 3742 Virginis
1359 3667 1513 3725 Genitricis
1527 3667 1643 3724 iconam
1659 3666 1785 3741 bipenni,
1795 3663 1908 3738 quodnon

314 3767 511 3833 debueratne
530 3766 589 3820 ima
605 3765 720 3834 dejecit.
733 3782 785 3837 pro
801 3783 858 3838 quo
883 3765 1047 3822 detestabili
1067 3783 1153 3840 opere
1167 3765 1331 3823 orthodoxas
1347 3767 1442 3822 cuncti
1471 3765 1597 3822 cultores
1620 3766 1695 3822 fidei
1723 3765 1850 3837 lacrymas
1862 3761 1908 3814 luo·

314 3866 416 3921 dentes
431 3863 674 3936 ingemiscebant,
685 3866 714 3917 et
728 3863 848 3919 tristitia
864 3862 1053 3936 replebantur
1066 3880 1099 3920 ac
1114 3880 1246 3920 moerore.

355 3972 430 4030 562
447 3970 497 4026 liis
513 3969 610 4043 itaque
625 3969 750 4042 peractis
768 3967 867 4024 hostili
877 3969 984 4026 virtute
1013 3970 1075 4042 ipse
1087 3971 1171 4026 nom.
1184 3968 1333 4041 depositus
1347 3967 1510 4043 ingreditur
1538 3969 1699 4042 presbyter,
1711 3967 1874 4036 celeriterque
1884 3960 1908 4016 ed

313 4071 507 4126 Lateranensc
529 4065 694 4140 properavit
709 4081 777 4122 cum
792 4065 987 4140 iniquissimis
998 4067 1062 4140 ejus
1079 4066 1266 4140 sequacibus,
1277 4071 1306 4126 et
1321 4065 1452 4124 seculari
1470 4067 1601 4141 potentia
1614 4065 1817 4140 patriarchium
1827 4059 1906 4118 mults·

314 4185 370 4242 que
385 4167 509 4224 telorum
531 4164 686 4238 generibus
702 4165 811 4235 januas
822 4165 885 4236 ejus
901 4165 1034 4238 aperiens
1044 4169 1185 4239 {granatus
1194 4164 1282 4221 veluti
1295 4169 1434 4221 cruentus
1445 4180 1495 4220 eas
1508 4164 1648 4232 introivit,
1660 4163 1787 4237 solioque
1798 4159 1861 4234 quod
1873 4169 1909 4211 nee

315 4265 454 4322 manibus
469 4263 611 4320 debuerat
630 4265 808 4318 contrectare
824 4262 940 4330 resedit,
958 4265 986 4318 et
1001 4262 1117 4319 cuidam
1143 4261 1375 4336 Balneoregieasi
1392 4261 1538 4336 episcopo,
1550 4262 1600 4334 qui
1623 4261 1802 4318 vocitabatur
1821 4251 1908 4312 uomitu

275 4367 293 4422 5
312 4365 471 4431 Romanus,
487 4364 598 4417 tantum
616 4376 683 4416 curn
699 4376 757 4414 non
773 4375 859 4432 opere
872 4359 974 4416 ferinis
989 4360 1182 4416 obumbratus
1197 4359 1346 4416 mentibus
1361 4362 1537 4428 cerneretur,
1550 4358 1687 4432 pracepit
1697 4352 1906 4414 utbeatissimum

313 4460 606 4530 Benedictum‚quem
624 4457 720 4514 omnis
736 4457 867 4513 Romana
881 4461 913 4514 ut
929 4456 1113 4532 praetulimus
1127 4457 1209 4531 plebs
1222 4457 1358 4531 elegerat,
1370 4457 1528 4530 pontificali
1540 4473 1598 4529 quo
1608 4456 1755 4513 residebat
1763 4453 1863 4524 ejioeret
1873 4461 1906 4501 so·

312 4559 361 4616 lio.
374 4557 428 4624 Qui
443 4556 530 4614 etiam
546 4555 720 4611 vestimenta
736 4553 923 4626 pontificalia,
937 4555 1045 4628 quibus
1059 4555 1182 4611 indutus
1197 4558 1268 4622 erat,
1285 4559 1319 4610 nt
1334 4554 1477 4611 barbarus
1492 4553 1560 4610 tulit
1574 4557 1661 4627 atque
1676 4548 1843 4624 exspoliavit,
1853 4539 1909 4598 mul·

312 4658 409 4730 tisquc
424 4671 491 4713 eum
508 4652 624 4726 injuriis
634 4652 862 4724 verberibusque
877 4651 1007 4724 replevit.
1020 4655 1102 4708 Tunc
1117 4652 1179 4727 ipse
1194 4652 1345 4724 depositus
1358 4651 1532 4707 Anastasius
1547 4652 1684 4708 eumdem
1700 4643 1908 4722 benignissimum

312 4751 499 4808 Benedictum
516 4750 651 4818 electum,
668 4748 799 4805 humana
814 4767 872 4806 non
888 4749 938 4806 Dei
953 4749 1059 4806 virtute
1078 4749 1259 4815 custodibus,
1276 4747 1327 4821 qui
1351 4748 1460 4805 arctius
1485 4763 1552 4805 eum
1577 4747 1814 4820 constringerent,
1823 4738 1908 4797 tradere

261 4850 294 4904 10
313 4848 435 4916 studuit,
447 4847 551 4905 loanni
570 4847 681 4903 scilicet
695 4847 879 4919 Adrianoque
894 4846 1006 4902 dudum
1023 4844 1268 4920 presbyteris,qui
1284 4864 1301 4902 a
1315 4845 1410 4902 Leone
1431 4844 1556 4917 presule
1571 4862 1622 4919 pro
1637 4842 1755 4900 illorum
1771 4833 1908 4898 caninibus

313 4945 443 5001 damnati
459 4945 572 5000 lucrant
587 4949 673 5016 atque
689 4943 812 5016 depositi
826 4961 861 5000 ex
876 4943 953 5000 omni
971 4944 1142 5001 sacerdotali
1158 4943 1263 5000 oltloio.
1279 4944 1344 4999 ltlox
1358 4943 1495 5000 univorsa
1507 4943 1582 5000 Urbs
1598 4942 1712 4998 ululatu
1723 4937 1867 5011 amplisque
1878 4943 1908 4982 rt

314 5041 392 5115 plata
407 5045 451 5096 est
466 5039 592 5109 llatibns,
605 5046 633 5096 et
647 5041 726 5114 gravi
742 5059 892 5098 murmuro
908 5045 1048 5114 quassata
1058 5042 1184 5114 jacebat.
1199 5039 1279 5097 lllico
1290 5041 1408 5112 quidem
1420 5057 1522 5097 omnes
1537 5039 1664 5113 episcopi
1679 5038 1825 5108 clerusque
1838 5022 1908 5086 arbel

313 5137 441 5214 populus
456 5140 557 5194 sancta
571 5142 738 5194 sanctorum
754 5139 890 5212 ingressi,
901 5141 1058 5196 tundentes
1077 5143 1194 5212 pectora
1210 5155 1264 5195 sua
1278 5138 1407 5212 prolusis
1421 5137 1559 5212 lucrymis
1573 5137 1652 5194 intra
1664 5131 1832 5192 vestibulum
1844 5129 1867 5182 el
1877 5119 1907 5177 al·

313 5242 376 5295 tare
392 5235 452 5293 solo
474 5233 621 5308 prostrati,
634 5235 781 5306 jacebant,
793 5237 842 5293 Dei
859 5241 975 5293 orantes
992 5238 1175 5309 majestatem
1190 5239 1223 5291 ut
1239 5234 1313 5291 tanti
1328 5234 1434 5292 erroris
1459 5235 1583 5309 coliginc
1597 5251 1650 5290 sua
1665 5250 1716 5290 eos
1729 5227 1823 5288 vitrioe
1835 5223 1909 5280 deliri

260 5338 295 5395 l5
313 5335 460 5393 liberaret.
473 5331 609 5406 Septima
623 5334 686 5386 tum
703 5331 779 5387 laria
796 5349 900 5389 cursus
916 5334 1117 5408 peragebatur.

349 5443 424 5501 508
434 5441 533 5498 Altera
542 5455 608 5496 vero
617 5438 663 5495 die
673 5437 801 5510 praedicti
813 5438 939 5513 episcopi
951 5456 1018 5496 cum
1030 5441 1167 5498 universo
1176 5440 1252 5498 clero
1261 5457 1294 5496 ac
1305 5436 1412 5512 populo
1423 5439 1452 5494 in
1463 5437 1622 5496 AEmilians
1638 5436 1724 5495 titulo
1734 5424 1906 5492 anteeant

313 5541 341 5598 in
351 5558 408 5615 quo
419 5540 506 5597 etiam
516 5535 638 5611 Augusti
648 5535 754 5609 sapius
766 5535 834 5592 dicti
844 5536 932 5610 legati
943 5538 1100 5595 trementes
1109 5553 1274 5612 magnoque
1284 5539 1430 5594 tumentes
1439 5532 1814 5611 superbiapervenerunt,et
1822 5521 1907 5594 impetu

830 5733 958 5784 torota
979 5735 1131 5783 raaaorrr
1153 5731 1356 5781 uastauere.

279 5828 316 5904 (a)
331 5826 407 5888 Paul.
423 5841 469 5886 xx.
