4036 6164
123 187 177 256 sot
482 191 669 262 niarasis
686 163 742 261 un
762 194 862 263 viris
884 197 980 265 nou.
1003 177 1174 266 roan-
1195 203 1227 269 ε.
1250 202 1467 274 nocuisse.
1769 209 1827 277 soi

121 330 184 384 tum
200 325 293 386 duces
317 343 369 402 per
391 327 488 386 varies
510 330 609 387 hlrice
632 330 795 404 provincias
815 331 946 389 instituti
961 335 985 406 Α
1001 337 1519 399 corona:itacentinuetainclodovei
1533 343 1828 418 suecessoribusjura

121 399 204 456 sedes
219 400 479 482 haberedeheant.
538 457 575 484 ‚·
872 473 877 486 ¹
1002 409 1193 483 sanguiniset
1208 411 1290 466 avitae
1305 411 1421 493 pietatis
1436 415 1513 486 apud
1535 431 1616 471 aram
1633 417 1826 474 Lauretnnam

154 493 168 552 a
184 472 213 528 7
231 471 290 528 Neo
312 472 359 529 his
385 477 540 556 contentus
567 477 736 546 imperator,
760 476 793 530 ut
821 473 946 556 Africam
1001 481 1194 537 sanctissime
1208 482 1338 555 Virginis
1347 483 1454 538 Christi
1470 486 1574 542 matris
1587 492 1736 543 ostentant
1749 505 1827 545 aoro-

119 547 244 622 pristino
259 542 408 616 splendori
423 548 600 626 restitueret,
615 561 706 602 noves
716 545 805 628 urbes
821 546 946 628 sedilias·
1001 569 1055 608 nas
1071 553 1145 609 dues
1155 569 1258 610 aureas
1269 554 1387 610 maximi
1400 556 1496 627 pretii,
1506 573 1579 630 quas
1595 575 1671 614 anno
1688 559 1757 614 1639
1772 561 1827 616 Lu·

120 617 168 680 vit,
183 618 298 670 veteres
313 620 470 684 renovavit,
486 615 559 672 elias
572 633 638 673 vero
653 633 747 673 muris
772 621 871 683 cinxit,
884 634 946 674 om·
1000 622 1120 680 doricus
1130 623 1193 681 Xlll
1209 624 1373 682 transmisit
1388 625 1441 682 hac
1452 626 1610 700 inscriptas
1623 628 1824 687 dedicatione:

119 700 186 742 nem
195 684 482 768 dmi-quemgifflem
491 686 792 770 magnifiaentifflimis
802 687 944 756 mdissfflis’
1016 729 1126 795 Sceptra
1140 731 1213 782 dedit
1227 729 1346 784 Christus
1360 731 1425 783 inibi
1437 747 1443 781 ι
1457 732 1560 784 Christo
1575 734 1658 784 reddo
1672 749 1808 786 eoronam.

119 771 354 830 necessariisque
369 764 567 814 monumentis
592 759 732 815 adversus
750 759 901 828 barbaros,
919 763 948 816 et

120 827 245 894 ornavit,
269 832 299 884 et
327 829 460 901 protexit,
477 835 510 884 ut
536 829 632 886 fusius
661 834 760 886 narrat
789 831 946 904 Procopius
1035 829 1234 886 Videndusee
1253 830 1289 886 de
1313 847 1344 886 re
1366 830 1595 886 commentarius
1618 831 1825 890 historicusde

119 896 192 955 libro
209 903 291 956 sexto
308 915 344 956 ne
359 900 499 956 AEdificiis
514 917 532 956 a
546 901 634 972 cap.3
644 918 679 957 us
702 918 737 956 ue
751 901 787 956 ed
799 902 947 958 tinemhlx
1000 900 1116 956 coronis
1127 900 1426 971 plurimaeruditione
1435 902 1558 958 refertus
1569 906 1597 956 et
1607 903 1760 958 ann01712
1768 905 1826 958 edi-

118 967 163 1026 his
178 975 271 1096 eaput
283 970 397 1027 Vadam
412 971 443 1026 in
458 971 607 1038 bizacena,
623 977 652 1028 et
674 919 802 1028 iquacam
827 972 857 1029 in
878 973 945 1029 Pro·
1000 975 1049 1027 tus
1062 987 1082 1054 a
1098 972 1221 1048 Martinp
1242 973 1419 1030 Schemeiael
1441 989 1505 1046 cap.
1524 974 1552 1040 6,
1568 977 1622 1027 ert.
1639 974 1684 1039 30,
1700 989 1768 1098 pap.
1779 975 1824 1028 69.

118 1055 210 1097 consu
224 1059 268 1097 ari
277 1043 366 1098 urbes
377 1043 412 1100 da
425 1047 665 1099 novoexstructas
676 1044 946 1118 recensetheptim·
1037 1043 1126 1099 Linea
1140 1044 1203 1098 9.-
1217 1045 1255 1101 De
1268 1044 1420 1116 chlamyde,
1430 1046 1472 1100 uel
1486 1045 1519 1100 de
1531 1045 1602 1101 stola
1618 1045 1733 1112 imperia
1748 1047 1758 1099 i
1766 1049 1825 1116 sut-

118 1111 257 1185 Magnam
283 1112 469 1194 'lfripolitane
494 1113 678 1186 metropolim
707 1131 780 1186 pene
803 1116 946 1187 dejectam
999 1115 1211 1188 fitoriumsupei·
1220 1117 1415 1186 consessionem
1425 1118 1496 1172 beati
1510 1117 1587 1172 Petri
1595 1116 1827 1187 aposlolihlxem·

118 1183 390 1240 marisciuxit:in
415 1201 450 1266 ee
467 1188 552 1266 vetus
572 1185 725 1257 palatium,
742 1187 819 1258 qnod
843 1186 946 1242 olima
1000 1185 1082 1312 plum
1106 1191 1310 1312 pervetustum
1339 1186 1552 1244 bibliothecarii
1576 1186 1606 1242 in
1631 1186 1827 1242 Laurentiano

119 1255 222 1310 Severo
234 1256 378 1328 Augusto,
415 1272 446 1311 ui
465 1256 506 1311 ibi
525 1261 613 1312 natus
637 1256 741 1324 luerat,
758 1257 945 1324 edificatum,
1021 1256 1105 1312 ibllot
1127 1273 1178 1313 ece
1192 1261 1371 1314 asservatum
1388 1257 1477 1314 habet
1497 1275 1504 1314 :
1521 1280 1535 1308 a
1558 1258 1598 1313 De
1614 1257 1767 1330 chlamyde
1782 1257 1826 1314 vel

119 1325 167 1382 sed
176 1325 297 1408 ponitus
308 1271 535 1399 ferentiilapsum
547 1327 945 1409 restauravittierthaginem
1000 1328 1036 1383 de
1051 1326 1284 1400 stolaimperiale
1294 1329 1502 1384 subsisterium
1513 1347 1603 1402 super
1612 1329 1825 1384 consessionem

119 1396 336 1478 lusbnianeam
352 1397 609 1479 appellarilvoluit,
625 1400 703 1471 quod
718 1400 836 1456 nomine
856 1399 945 1456 etiam
1000 1399 1078 1454 beati
1095 1399 1169 1455 Petri
1185 1399 1393 1472 apostoli.llaec
1408 1401 1508 1457 omnia
1522 1415 1539 1456 ε
1553 1400 1721 1457 lastiniano
1731 1402 1826 1482 Augu·

119 1468 238 1524 donavit
251 1468 458 1536 Adrumetum,
469 1470 581 1526 Bizucei
607 1469 803 1542 metropolim,
818 1469 887 1526 olim
913 1475 947 1526 ut
1000 1474 1046 1526 sto
1060 1471 1220 1527 orthodoxo
1231 1475 1364 1528 votorum
1376 1489 1466 1528 causa
1475 1472 1577 1528 oblata
1588 1475 1686 1527 suut.»
1698 1473 1825 1543 cangius

119 1537 231 1596 Plinius
247 1539 392 1604 observat,
404 1539 516 1596 Sissam
531 1540 646 1614 nigram
662 1541 784 1609 dictum,
794 1558 858 1613 quic
874 1541 946 1597 civi·
1000 1541 1030 1596 in
1046 1541 1149 1597 Lexiao
1159 1543 1261 1598 mediis
1273 1543 1439 1598 Latinitatis
1449 1542 1558 1598 exaliis
1568 1542 1718 1598 codicibus
1729 1543 1826 1597 obser-

119 1614 163 1666 tss
177 1610 253 1666 adeo
270 1626 287 1665 ε
301 1611 435 1667 barbaris
450 1611 592 1684 neglecta,
609 1616 641 1668 ut
654 1611 701 1666 vix
715 1612 827 1685 antiqui
848 1612 945 1685 splen·
999 1629 1072 1668 vans
1085 1612 1226 1669 variatam
1242 1614 1410 1682 dictionem,
1427 1619 1503 1668 recte
1520 1612 1631 1685 colligit
1645 1613 1823 1668 reddendam

119 1679 196 1738 doris
207 1681 346 1738 umbram
355 1682 501 1739 retineret.
510 1682 622 1756 Bagam
630 1699 697 1739 vero
708 1683 945 1740 inProoonsulari
960 1708 984 1774 Β
1000 1699 1064 1740 esse
1076 1685 1294 1740 substratorium.
1307 1685 1379 1740 Nam
1409 1686 1629 1749 substratorium,
1655 1685 1762 1754 inquit,
1785 1691 1824 1739 est

119 1752 233 1820 urbem,
250 1757 337 1809 antea
351 1753 398 1808 viii
413 1758 512 1810 notam
529 1771 591 1810 uere
604 1754 818 1827 urhem,inquit
839 1759 945 1812 Proco—
1000 1771 1099 1826 mappa
1119 1756 1217 1812 aitaris
1239 1758 1287 1812 cui
1301 1757 1441 1837 corporate
1463 1758 1634 1818 euteruitur,
1649 1755 1726 1825 quod
1744 1771 1824 1809 coin-

118 1823 945 1953 tbitthtblttttttttetltitiiiltuit
1000 1825 1825 1953 rettuleretlttituttiittttttttrt:

119 1966 184 2021 dem
216 1965 412 2048 appellarunt.
434 1968 474 2023 lix
501 1967 634 2038 ejusdem
660 1969 797 2040 Augustae
827 1967 947 2024 nomine
999 1913 1465 2042 εἱεξιείςῃξεΰὴειιέιοῦοειὶηο,
1483 1983 1585 2040 regum
1612 1937 1823 2038 soilicct'ltegi,

118 2036 328 2094 Theodoriana
355 2037 464 2093 balnea
490 2045 610 2111 spectatu
632 2038 737 2108 dionae,
754 2039 851 2122 inquit
867 2039 945 2095 idem
1000 2039 1107 2094 suisio
1133 2039 1275 2095 altaribus
1295 2039 1435 2094 thronum
1459 2038 1595 2094 excitanti
1617 2038 1776 2092 subderent
1791 2053 1825 2092 aa

119 2111 230 2176 auctor,
246 2107 332 2165 dicte
347 2109 497 2165 suntltlia
510 2109 541 2164 in
556 2108 621 2165 aliis
636 2109 738 2165 Atriam
747 2108 819 2166 locis
827 2109 946 2182 publica
1000 2110 1177 2166 dedicarent.
1196 2110 1231 2166 Ut
1246 2109 1335 2182 igitur
1346 2110 1505 2166 clodoveus
1528 2127 1578 2164 rex
1604 2124 1741 2165 coronam
1758 2112 1824 2164 ante

118 2177 242 2236 edificia
257 2180 295 2235 ab
320 2179 421 2236 eodem
445 2179 621 2253 imperatore
644 2185 812 2236 constructa
836 2180 945 2237 videsis
1001 2197 1081 2236 aram
1107 2180 1259 2253 pensilem,
1272 2182 1313 2237 ita
1337 2180 1523 2236 lastinianus
1539 2181 1698 2251 imperator
1718 2178 1823 2236 stolam

118 2250 196 2323 apud
212 2249 366 2306 laudatum
381 2255 540 2309 auctorem.
558 2274 572 2301 u
999 2257 1044 2307 Au
1088 2256 1139 2308 sta
1150 2252 1302 2326 dignitatis
1312 2251 1418 2308 obtulit
1429 2252 1458 2307 in
1470 2251 1696 2308 substratorium
1707 2249 1822 2306 altaris:

152 2321 242 2378 Num.
259 2319 438 2388 85,linea1.
455 2354 488 2363 —
505 2323 582 2380 Venit
603 2320 719 2392 reanum
742 2338 805 2378 oum
830 2323 946 2392 neumis
1000 2341 1040 2379 un
1063 2323 1472 2396 erepetendasuntpretiosa
1490 2322 1630 2396 stragula,
1647 2339 1711 2394 quia
1735 2321 1823 2377 fronti
1898 2381 1908 2398 ‚

115 2394 243 2466 mutosis
256 2409 274 2448 a
288 2409 352 2464 reae
374 2395 542 2450 Francorum
567 2393 705 2459 clodoveo,
722 2398 777 2450 etc.
794 2393 946 2467 hspirante
999 2393 1138 2450 altarium
1154 2394 1277 2450 deducto
1293 2394 1330 2450 ad
1354 2400 1484 2450 nostram
1500 2400 1612 2449 atatem
1628 2393 1685 2448 ritu
1701 2397 1823 2464 praeten-

118 2463 218 2520 divina
255 2463 330 2520 ratia
345 2481 396 2538 per
410 2465 439 2521 S.
455 2464 609 2522 Clotildem
625 2467 780 2538 conjugem
804 2465 945 2522 Christis·
1000 2465 1110 2530 dimus,
1146 2483 1189 2522 uae
1204 2466 1332 2521 dicimus
1347 2467 1436 2521 etiarn
1448 2464 1546 2548 pallia,
1559 2470 1587 2520 et
1598 2465 1711 2536 pallias.
1726 2462 1823 2519 italice

118 2550 186 2590 nam
204 2479 253 2590 tiri3
259 2535 347 2590 udam
362 2552 520 2592 conversus
534 2535 705 2600 clodoveus,
716 2541 749 2592 ut
763 2554 797 2592 ex
807 2537 945 2609 Gregorio
997 2539 1118 2610 patiotti.
1157 2555 1175 2592 x
1190 2537 1332 2610 imperiali
1349 2553 1382 2592 ac
1398 2552 1478 2609 regia
1499 2536 1651 2608 chlamyde
1674 2536 1710 2590 ad
1735 2551 1822 2590 usum

117 2605 294 2674 Turonensi,
305 2605 450 2673 Aimonio,
467 2607 591 2680 aliisque
605 2606 752 2663 historicis
768 2607 945 2664 Francorum
999 2608 1106 2682 regalis
1122 2608 1228 2665 Christi
1244 2607 1398 2664 sacerdotii
1412 2608 1577 2680 antiquitas
1592 2605 1698 2671 oblata,
1716 2606 1822 2677 partim

117 2676 277 2760 colligitur,
293 2677 428 2734 imitatus
443 2683 488 2734 est
503 2679 739 2746 Constantinum,
755 2695 876 2735 coronas
892 2696 945 2734 au·
1000 2680 1030 2736 iii
1046 2678 1558 2750 indumentaministrorum,pertim
1573 2678 1603 2732 in
1619 2676 1719 2731 altaris
1729 2676 1823 2748 ipsius

117 2765 183 2804 ress
196 2753 276 2804 inter
289 2753 393 2804 catere
406 2750 483 2805 dona
497 2749 665 2805 offerentem
691 2755 753 2804 tum
780 2750 809 2804 in
825 2748 947 2806 basilico
1000 2755 1207 2806 ornamentum
1223 2754 1440 2812 concesserunt,
1455 2749 1497 2804 uti
1517 2748 1611 2804 fusius
1635 2748 1823 2803 ostendemus

117 2818 290 2888 Salvatoiis,
308 2825 369 2876 tum
395 2820 425 2875 in
449 2821 598 2890 Vaticana,
615 2825 678 2876 tum
705 2821 734 2876 in
760 2820 881 2876 Paulina
900 2821 947 2876 via
999 2822 1076 2878 infru
1097 2822 1127 2876 in
1156 2821 1282 2877 diatriba
1305 2820 1338 2877 de
1360 2820 1527 2877 Indumentis
1549 2818 1825 2875 samdotaiihuahlx

117 2889 258 2947 Ostiensi.
277 2891 309 2947 ln
325 2890 445 2947 basilica
468 2891 709 2948 Constantiniana
733 2891 793 2946 sive
817 2890 946 2948 Salvato-
1000 2897 1084 2949 aetate
1098 2892 1231 2948 Clodovei
1246 2908 1280 2948 au
1295 2890 1455 2949 iustiniani
1470 2891 1511 2946 ita
1526 2889 1649 2946 fideliter
1661 2889 1826 2945 custoditus

117 2961 168 3028 ris,
186 2979 272 3018 num.
301 2961 413 3028 autin.
441 2963 497 3018 12:
517 2984 531 3012 ε
545 2962 657 3018 Obtulit
678 2977 801 3017 coronas
821 2967 947 3034 quatuor
1000 2969 1045 3020 est
1067 2981 1141 3031 mos,
1158 2963 1320 3035 presertim
1346 2964 1376 3018 in
1402 2961 1504 3029 Gallia,
1522 2967 1555 3018 ut
1578 2961 1718 3017 hodierna
1745 2960 1826 3032 regia

117 3049 186 3090 aum
203 3032 355 3106 delphinis
368 3032 469 3106 viginti
484 3049 519 3089 ex
534 3049 605 3089 euro
621 3032 779 3106 purissimo
790 3039 946 3105 pensantes
1002 3034 1144 3108 chlamys,
1162 3052 1225 3107 quie
1254 3033 1473 3108 inaugurationi
1506 3031 1825 3088 christianissimorum

118 3103 257 3178 singulas
272 3103 363 3161 libras
377 3105 555 3176 quindecim.
568 3126 582 3155 u
599 3105 630 3160 ln
647 3104 797 3173 Vaticana,
810 3119 890 3160 num.
900 3106 944 3160 38.
961 3073 983 3142 c
1003 3124 1033 3162 re
1075 3123 1105 3161 m
1120 3106 1277 3162 adhibetur
1291 3105 1421 3170 Rhemis,
1438 3105 1575 3160 otleratur
1587 3102 1722 3160 tsnbinda
1747 3102 1826 3176 apud

118 3175 171 3232 lin.
188 3177 222 3231 21
242 3192 278 3231 :a
295 3179 436 3232 Coronam
452 3191 572 3231 auream
588 3181 654 3232 acte
679 3191 786 3248 corpus
800 3176 842 3246 (B.
860 3177 949 3244 Petri)
1002 3195 1025 3233 es
1046 3195 1093 3234 em
1109 3178 1236 3234 Sandion
1258 3177 1371 3233 sinnam
1397 3176 1426 3230 in
1452 3175 1544 3231 sacris
1568 3174 1715 3230 thesauris
1737 3190 1827 3230 resur·

118 3246 168 3303 ubi
185 3251 232 3302 est
248 3245 532 3303 Pharmecantharus
547 3263 614 3302 oum
631 3244 778 3319 delphinis
802 3247 872 3319 quin
896 3263 947 3302 ua·
1002 3249 1098 3305 venda
1113 3267 1120 3306 :
1136 3253 1166 3305 et
1180 3265 1214 3304 ex
1228 3195 1279 3303 iila
1293 3249 1365 3304 fient
1380 3247 1565 3302 sacerdotum
1581 3245 1679 3318 pallia,
1690 3262 1740 3300 seu
1758 3260 1825 3317 onp-

138 3317 212 3384 inta,
226 3317 278 3390 qui
298 3323 422 3390 pensant
436 3317 527 3374 librae
541 3317 577 3374 tri
601 3319 664 3374 inte
678 3317 818 3391 quinque:
837 3339 851 3368 a
867 3263 903 3374 igi
917 3319 947 3373 in
1002 3336 1045 3393 pae
1060 3325 1069 3386 l
1091 3321 1208 3377 lacialia
1222 3318 1308 3392 vulgo
1332 3317 1469 3380 dicimus)
1485 3317 1515 3372 in
1538 3317 1620 3373 lestis
1644 3315 1826 3372 solemnibus

173 3388 245 3446 ilica
266 3389 297 3446 S.
321 3388 413 3458 Pauli,
432 3407 515 3446 num.
531 3335 643 3454 lofiin.
658 3389 677 3444 5
692 3405 698 3443 :
716 3411 730 3439 ε
746 3387 851 3470 Omnia
879 3405 949 3445 vasa
1002 3339 1250 3448 adhissendebea
1265 3407 1349 3446 secus
1369 3389 1458 3445 Greci
1474 3394 1562 3460 atque
1576 3385 1738 3470 Orientales
1757 3402 1826 3457 pra-

117 3465 236 3516 sacrata
265 3476 353 3516 aurea
377 3464 407 3516 et
435 3464 582 3533 argentea,
604 3465 655 3516 aut
682 3476 756 3516 area
784 3465 824 3515 ita
849 3458 949 3531 posuit
1002 3461 1081 3517 sules
1096 3479 1130 3518 eii
1145 3461 1217 3517 stola
1234 3461 1377 3534 imperiali
1393 3477 1448 3516 sua
1461 3461 1603 3526 stichario,
1615 3464 1644 3514 et
1657 3459 1746 3529 pallia
1761 3473 1825 3528 pre·

117 3530 197 3587 sicut
212 3531 243 3586 in
259 3531 382 3587 basilion
399 3531 428 3587 S.
446 3531 522 3587 Petri
538 3530 672 3604 apostoli,
688 3531 768 3586 itaet
782 3530 947 3603 B.apostoli
1001 3534 1086 3601 tiosn,
1103 3534 1133 3588 in
1148 3539 1289 3588 tesseram
1301 3531 1406 3606 regalis
1421 3531 1528 3587 Christi
1545 3529 1698 3586 sacerdotii
1725 3529 1798 3600 prael
1814 3558 1825 3569 -

118 3601 201 3658 Pauli
215 3601 372 3659 ordinavit.
386 3625 400 3652 u
416 3603 542 3674 Uterque
557 3603 693 3685 princeps
708 3617 754 3658 res
775 3601 870 3658 exisse
880 3617 947 3658 cen·
1002 3609 1110 3670 rentes,
1126 3605 1228 3660 eedem
1252 3621 1342 3675 supra
1366 3619 1500 3658 mensam
1528 3601 1628 3657 altaris
1655 3599 1824 3666 extendunt,

117 3674 231 3730 sendus
241 3679 288 3730 est
298 3675 334 3729 ad
343 3673 484 3730 visionem
503 3690 651 3730 seniorum
659 3619 883 3746 Apoaaivpseos,
896 3671 948 3799 spui
1001 3679 1143 3747 tanquam
1157 3675 1351 3732 substratoria
1364 3673 1541 3730 descensuro
1565 3673 1595 3727 in
1619 3671 1751 3726 eamdem
1774 3669 1827 3725 Do-

117 3744 304 3802 divinitatem
325 3744 526 3818 Redemptoris
539 3745 632 3801 nostri
650 3744 907 3814 profitebanturob
921 3762 949 3799 a·
1002 3747 1157 3810 mino,non
1173 3747 1218 3802 dis
1240 3746 1283 3801 ari
1298 3763 1386 3802 sensu
1400 3744 1518 3826 pietatis
1533 3745 1569 3799 ab
1584 3759 1629 3809 eo,
1641 3758 1728 3814 quem
1750 3757 1828 3796 exer

118 3815 230 3872 tionem
242 3833 419 3874 coronarum
429 3815 947 3872 suarumanteilliustbronum.Nam
1002 3819 1106 3874 cebant
1120 3818 1203 3901 pueri
1222 3764 1491 3890 hierosolymitani,
1507 3815 1682 3870 vestimenta
1696 3814 1825 3869 subster-

118 3886 213 3944 mnlto
229 3893 299 3943 ante
313 3887 390 3960 apud
408 3888 468 3943 anti
491 3904 545 3943 uos
560 3887 614 3942 soli
626 3887 684 3942 Deo
700 3902 823 3944 coronas
834 3885 947 3942 oblatas
1002 3892 1105 3945 nentes
1119 3907 1149 3944 in
1165 3888 1212 3943 vie
1223 3885 1491 3960 pertriumphelem
1508 3886 1686 3958 ingressum,
1703 3901 1761 3956 quo
1789 3883 1825 3938 ad

120 3957 212 4014 luisse
228 3961 355 4014 testetur
370 3958 458 4015 etiam
471 3904 596 4026 {linias
612 3957 664 4013 lib.
680 3975 737 4024 xvi,
755 3973 818 4029 cup.
831 3959 857 4024 l,
870 3957 947 4012 unde
1002 3961 1099 4015 redem
1122 3960 1231 4015 tionem
1247 3959 1367 4014 humani
1385 3958 1499 4030 generis
1510 3957 1717 4013 absolvendam
1730 3954 1826 4028 unige-

120 4045 184 4086 mos
199 4028 337 4098 invaluit,
351 4035 386 4085 ut
409 4029 585 4094 sacerdotes,
601 4046 668 4096 ara,
683 4027 807 4084 victime
831 4043 948 4110 corona·
1001 4031 1083 4086 nitus
1099 3977 1148 4087 Ber
1165 4029 1256 4085 Filius
1272 4029 1405 4086 accessit.

121 4106 246 4156 rentur:
285 4117 322 4157 uo
347 4100 406 4156 ritu
429 4099 541 4156 scilieet
566 4099 677 4156 cultum
702 4099 834 4154 divinum
859 4097 901 4153 illi
917 4114 948 4154 se
1450 4146 1458 4174 ,

141 4175 261 4228 restare
294 4168 946 4243 omineslaterentur,quemDeumhabebant.
1330 4145 1496 4202 CIACOMI·
1799 4234 1804 4246 Ι

164 4243 236 4298 rista
247 4241 402 4326 igiturDeo
411 4247 512 4298 nostro
522 4247 589 4297 ante
600 4258 665 4297 aras
676 4239 864 4296 basilicarum
875 4256 948 4312 prae·
1037 4243 1113 4298 Num
1139 4244 1186 4309 82,
1210 4240 1287 4297 linea
1302 4242 1327 4297 l.
1345 4273 1378 4282 —
1401 4242 1516 4298 llutioue
1542 4240 1704 4310 Campania.
1731 4236 1826 4291 Patria

121 4312 224 4386 cipuss
237 4313 653 4386 uticonstantinushugustus
664 4309 946 4380 coronasdedicavit,
1000 4313 1194 4370 Venafranos.

121 4382 161 4440 its
175 4390 204 4440 et
214 4385 377 4467 Clodoveus
389 4401 395 4441 :
409 4385 450 4466 ita
460 4384 581 4466 sapiens
593 4400 610 4466 ε
623 4383 810 4465 decessorum
825 4398 947 4464 suorum
963 4438 986 4503 D
1328 4416 1504 4475 SOMMOER·
1608 4409 1614 4419 ·

123 4451 946 4600 apsargpgffipcogeupneitffiiioip{iagrmrpterpsupetlfflissrgeppnffi
1039 4527 1116 4583 Num
1131 4527 1176 4593 82,
1193 4525 1271 4581 lines
1285 4527 1312 4581 8.
1328 4555 1362 4568 ·-
1377 4526 1484 4605 Diremit
1493 4519 1824 4605 quoquelinnodiumutc.

123 4597 221 4672 agnito
235 4613 303 4654 vero
318 4597 376 4654 Deo
391 4597 477 4653 unice
492 4597 643 4662 tuendam,
660 4599 689 4652 et
702 4611 841 4668 suprema
856 4602 950 4668 potes-
1004 4599 1073 4654 Pars
1096 4597 1305 4654 catholicorum
1330 4594 1521 4653 Orientalium
1545 4597 1702 4666 impatiens
1730 4594 1827 4662 tyran-

123 4672 180 4726 tsto
194 4670 356 4743 regendam
373 4668 528 4723 subdebat.
541 4667 679 4738 Reliquos
692 4671 760 4723 ante
774 4666 949 4723 Glodoveum
1004 4669 1075 4726 nice
1091 4668 1301 4741 persecutionis
1316 4683 1373 4750 qua
1388 4666 1629 4738 opprimebantur
1651 4662 1687 4730 ab
1703 4663 1826 4744 Anasta·
1856 4673 1859 4680 ’

124 4741 222 4813 stirpis
238 4758 299 4796 sure
325 4739 471 4811 principes
496 4738 627 4794 addictos
652 4737 743 4794 luisse
765 4737 950 4794 ethnicarum
1004 4741 1058 4809 sio,
1070 4741 1287 4797 concitaverunt
1302 4738 1479 4794 Vitalianum
1494 4737 1669 4807 magistrum
1692 4737 1827 4805 equitum

124 4811 367 4882 superstitionum
382 4809 542 4874 erroribus,
558 4813 705 4865 testantur
717 4814 820 4881 praeter
834 4809 951 4865 histori-
1005 4814 1041 4868 ad
1057 4811 1263 4868 rebellionem:
1281 4809 1330 4881 qui
1347 4809 1455 4880 potitus
1469 4806 1670 4880 compluribus
1691 4803 1774 4868 iocis,
1791 4802 1827 4884 ad

125 4896 170 4937 cos
186 4897 293 4938 omnes
307 4880 394 4938 etiam
411 4877 526 4936 cimelia
542 4878 594 4935 illa
608 4897 705 4948 aurea,
721 4896 903 4952 gemmaque
920 4879 950 4936 in
1005 4885 1086 4957 ipsae
1100 4884 1184 4952 regie
1201 4882 1287 4938 Urbis
1303 4885 1483 4953 partescum
1498 4873 1829 4947 accessisset‚compul1t

125 4954 256 5022 ejusdem
292 4952 385 5008 Patris
417 4951 551 5024 sepulcro
579 4956 709 5022 reperte,
734 4967 808 5022 uuas
837 4951 951 5008 erudito
1006 4957 1210 5027 imperatorem
1234 4953 1270 5008 ad
1295 4953 1376 5024 pacis
1399 4949 1660 5005 conditionesase
1675 4946 1827 5029 petendas.

125 5025 335 5082 commentario
350 5023 515 5078 Chislletius
530 5021 687 5078 illustravit
702 5023 732 5075 in
748 5038 803 5078 sua
825 5023 953 5079 laesuri·
1007 5029 1064 5082 ilas
1079 5024 1398 5080 internumerabantur
1410 5039 1416 5077 :
1429 5018 1735 5093 prim0,utconcilium
1746 5031 1830 5089 geue

127 5095 280 5152 childerici
293 5097 365 5167 repis
380 5112 390 5150 :
406 5093 457 5149 ubi
471 5092 573 5166 Apidis
589 5093 649 5148 sive
673 5091 749 5148 Solis
773 5109 808 5148 ex
824 5093 953 5166 AEgyptia
1007 5097 1066 5153 rele
1082 5096 1135 5151 sub
1152 5094 1324 5152 auctoritate
1340 5092 1462 5148 Romani
1479 5091 1626 5164 pontificis
1641 5089 1829 5154 indiceretur,

127 5166 335 5292 supeiistitione
350 5165 386 5221 ed
402 5165 529 5220 Francos
544 5169 614 5246 tunc
634 5163 765 5291 etfhigiops
784 5164 953 5289 tderivatum
1005 5167 1035 5224 in
1051 5183 1109 5239 quo
1124 5164 1332 5222 catholicorum
1345 5162 1641 5290 jpstisvptietlitionibus
1665 5162 1829 5284 satislieereg.

127 5251 643 5388 tttt³.⁰‘te‚¹ttttttttttttt
664 5251 846 5388 tntilli}
859 5241 953 5363 (ιιι
1006 5240 1344 5376 tueleutherii
1365 5248 1832 5378 restittit}tlttttttu

127 5396 188 5452 esp.
203 5326 238 5436 1ss
248 5379 448 5462 prosequitur.
456 5376 591 5434 Clodovei
609 5394 675 5433 vero
691 5377 743 5432 lilii
758 5377 850 5434 multo
863 5325 956 5434 giver-
1008 5381 1193 5454 Symmacho.
1372 5449 1377 5460 ¹

126 5468 176 5508 sus
190 5468 256 5508 suri
268 5455 298 5506 et
308 5466 492 5524 gemmarum
501 5466 574 5506 usus
585 5466 602 5504 a
613 5453 733 5519 paterne
748 5450 955 5520 superstitione
1045 5453 1075 5508 ln
1089 5451 1195 5509 litteris
1211 5450 1395 5521 imperatoris
1411 5449 1472 5503 haec
1490 5448 1681 5520 lugebantur:
1695 5465 1709 5490 «
1726 5441 1768 5563 Op

127 5520 460 5594 lacessitinexemplum
472 5519 665 5576 sanctissimae
684 5519 832 5590 roligionis
849 5528 954 5576 nostrie
1008 5529 1112 5580 lunum
1130 5541 1194 5578 csse
1206 5521 1407 5594 perspeximus
1417 5537 1481 5592 quan
1497 5520 1574 5603 apud
1586 5533 1637 5572 nos
1649 5514 1703 5569 sub
1720 5528 1748 5591 rr
1762 5523 1831 5578 igio-

126 5594 204 5667 apud
229 5598 388 5667 augustam
411 5591 609 5664 posteritatem
635 5607 730 5647 suam.
748 5589 784 5646 Ut
811 5593 890 5648 enim
906 5592 955 5649 ille
1009 5595 1055 5650 nis
1070 5587 1830 5668 speciecommoventur,andituivestrocommitlere.

127 5670 195 5722 ente
207 5663 433 5737 quatuordecim
448 5662 711 5735 seculaprimitias
723 5679 824 5734 regum
840 5663 955 5719 Christo
1009 5669 1082 5722 Ante
1098 5667 1151 5722 hoc
1167 5665 1312 5737 siquidem
1333 5663 1443 5718 duritia
1458 5676 1569 5727 eorum,
1586 5657 1693 5782 spathas
1717 5665 1830 5726 episco-

129 5735 248 5796 dicabat
263 5735 405 5793 inoblata
419 5735 589 5807 opudaram
615 5733 702 5807 primi
726 5732 833 5791 Christi
856 5734 956 5794 vicarii
1012 5742 1108 5810 patus,
1125 5753 1212 5809 quem
1238 5749 1315 5791 nunc
1340 5733 1450 5807 geritis,
1477 5735 1539 5786 erat
1566 5724 1731 5784 solicitudo
1756 5735 1832 5776 com-

1770 5452 1833 5517 rur·
