4052 6164
187 189 263 282 ιιιι
759 202 966 280 anasussu
987 203 1315 300 emuouaaeamr.
1797 215 1860 312 qe

259 323 381 382 basilica
394 323 471 384 beati
488 325 697 404 Petrinpustoli
712 333 865 391 nutritoris
888 334 934 391 sui
958 335 1120 392 canistrum
1135 334 1299 394 interrasile
1314 336 1350 393 de
1374 339 1493 411 argento
1517 336 1684 412 purissimo,
1700 357 1776 414 pens.
1797 345 1860 406 lib...

221 424 240 480 5
259 421 313 478 Ubi
329 440 419 496 supra
433 425 540 482 obtulit
555 444 677 486 coronas
693 430 728 486 de
743 437 863 508 argento
891 434 1098 502 mundissimo,
1122 451 1245 510 pensan.
1261 433 1387 492 libras...
1413 435 1465 492 llic
1479 453 1546 493 vero
1572 437 1754 496 beatissimus
1767 447 1793 499 et
1805 461 1863 518 pra·

257 518 353 578 clarus
368 538 444 596 papa
458 541 585 598 superno
600 527 691 584 iratus
718 546 817 588 amore
841 530 948 588 obtulit
970 532 1055 588 beato
1080 537 1163 589 Petro
1189 532 1319 608 apostolo
1335 533 1371 590 ud
1395 531 1581 608 splendorem
1596 539 1624 592 et
1647 536 1763 610 gloriam
1785 539 1863 615 ipsine

258 619 452 677 sanctissimae
482 622 608 680 basilicae
636 625 787 686 lucernam
816 627 946 704 bimixyn
971 630 1007 686 de
1031 635 1153 704 argento
1181 629 1351 704 purissimo,
1382 636 1555 706 pensantem
1577 631 1667 690 libras
1696 637 1866 714 quadraginta

259 715 399 790 quinque.
426 719 520 776 ladem
546 721 735 782 beatissimus
760 727 866 798 praesul
883 725 950 782 iecit
974 727 1004 784 in
1020 726 1141 784 ecclesia
1167 728 1242 785 beati
1267 727 1399 785 Silvestri
1421 729 1598 786 contessoris
1622 735 1708 804 atque
1730 733 1864 806 pontificis,

258 814 308 886 qui
324 816 443 888 ponitur
458 817 487 874 in
505 825 603 878 monte
619 823 748 894 Soracte,
764 827 874 880 vestem
889 825 925 881 de
941 825 1061 883 lundata
1077 843 1166 882 unam
1193 826 1348 883 habentem
1373 825 1498 902 angulos
1519 831 1655 902 quatuor,
1680 829 1751 887 duos
1765 831 1865 906 quidem

205 911 240 970 ιθ
258 912 358 986 tyrios,
389 919 417 970 et
445 916 519 973 duos
548 919 695 977 fundatos.
726 921 805 978 Fecit
832 920 920 979 etiam
949 923 1043 982 isdem
1072 925 1278 982 sanctissimus
1301 929 1330 982 et
1355 925 1545 982 beatissimus
1572 925 1678 1001 presul
1706 926 1735 982 in
1762 929 1866 990 ecclesia

258 1011 336 1067 beati
352 1012 426 1068 Petri
442 1015 584 1091 principis
610 1019 809 1092 apostolorum
837 1021 901 1078 vela
925 1039 988 1095 que
1011 1024 1142 1097 pendent
1163 1023 1195 1079 in
1212 1041 1281 1080 arcu
1305 1022 1478 1098 presbyterii
1502 1039 1536 1080 ex
1551 1041 1621 1081 auro
1636 1029 1725 1093 texta,
1750 1023 1867 1086 habentia

258 1107 411 1166 historiam
427 1112 505 1170 beati
521 1113 595 1171 Petri
611 1117 735 1192 apostoli
752 1136 873 1182 numero
889 1120 989 1178 decem
1005 1125 1035 1177 et
1049 1125 1124 1178 octo.
1150 1121 1267 1180 Necnon
1284 1120 1313 1177 in
1339 1121 1465 1178 oratorio
1489 1121 1566 1178 beati
1592 1123 1694 1180 Leonis
1716 1124 1866 1184 confessoris

175 1181 182 1200 ’
259 1209 346 1280 atque
362 1210 519 1284 pontificis,
534 1215 612 1286 quod
633 1220 677 1272 est
701 1216 790 1273 situm
813 1216 889 1274 inira
904 1218 1071 1291 praedictum
1096 1218 1260 1290 ecelesiam,
1285 1223 1395 1276 vestem
1411 1220 1447 1275 de
1471 1219 1593 1276 lundata
1618 1236 1707 1276 unam
1731 1219 1866 1281 habentem

259 1304 414 1364 historiam
429 1309 604 1384 aquilarum.
630 1313 742 1371 Obtulit
766 1332 882 1388 quoque
898 1318 947 1374 ubl
973 1334 1063 1391 supro
1087 1334 1225 1374 coronam
1239 1317 1274 1374 de
1299 1319 1419 1390 argento
1442 1333 1542 1386 unam,
1565 1321 1735 1390 pensantem
1759 1318 1865 1378 libras...

296 1404 368 1461 5⁰7
387 1406 452 1462 lam
468 1409 557 1465 etiam
572 1409 640 1467 lecit
654 1411 695 1468 ibi
709 1412 772 1469 vela
788 1414 822 1470 de
839 1415 959 1471 lundata
982 1418 1086 1471 ornata
1111 1431 1145 1472 ex
1166 1419 1289 1489 utraque
1312 1419 1394 1488 parte
1419 1415 1455 1471 de
1479 1413 1605 1472 blatthin
1629 1431 1749 1472 numero
1771 1417 1866 1492 viginti.

259 1500 371 1558 Obtulit
385 1503 472 1584 etiam
487 1507 571 1589 paeto
594 1509 677 1582 Petro
698 1510 828 1584 apostolo
854 1511 959 1568 astices
986 1512 1021 1569 de
1042 1517 1173 1586 argento,
1190 1511 1241 1586 qui
1269 1511 1371 1570 sedent
1386 1501 1612 1586 super'eircuitn
1642 1511 1742 1570 altaris
1765 1531 1867 1572 numero

259 1599 417 1669 sexdecim,
433 1620 554 1677 pensan.
571 1605 695 1664 libras...
711 1607 820 1666 Verum
836 1611 925 1666 etiam
941 1613 970 1666 et
985 1610 1104 1668 calicem
1116 1609 1312 1684 pendentilem
1322 1626 1390 1666 cum
1402 1609 1546 1666 catenulis
1558 1614 1587 1666 et
1596 1608 1753 1684 delphinis,
1765 1629 1867 1685 pensan.

258 1694 383 1756 libras...
400 1701 472 1758 ltem
487 1705 694 1762 sanctissimus
709 1710 738 1763 et
753 1707 937 1784 coangelieus
951 1709 1090 1784 prelatus
1102 1707 1209 1782 presul
1224 1711 1291 1782 post
1306 1707 1552 1782 depredationem
1576 1708 1785 1765 Saracenorum
1797 1709 1868 1767 istius

222 1792 241 1847 5
259 1794 386 1871 ecclcsiae
403 1797 470 1855 lecit
484 1817 573 1874 super
588 1819 694 1877 corpus
709 1803 786 1862 beati
802 1805 877 1862 Petri
894 1806 1021 1880 upostnli
1037 1806 1182 1882 imagines
1195 1809 1358 1880 argenteam,
1375 1809 1511 1879 totasque
1526 1821 1650 1862 numero
1667 1809 1741 1876 tres;
1756 1811 1783 1863 et
1796 1825 1868 1864 unam

260 1892 378 1964 quidem
393 1895 423 1951 in
440 1897 536 1955 medio
550 1897 707 1958 habentem
724 1903 851 1978 effigiem
867 1903 1026 1962 salvatoris
1041 1903 1157 1961 Domini
1174 1903 1265 1962 nostri
1280 1903 1349 1960 Jesu
1364 1902 1472 1960 Christi
1484 1920 1551 1959 eum
1561 1901 1688 1978 gemmis
1699 1902 1870 1980 incapiteper

260 2005 376 2048 crucem
393 1999 525 2052 ornatam
536 1996 734 2070 hyacinthinis
742 2004 770 2057 et
780 2001 919 2074 prasinis.
933 2005 1005 2059 Item
1017 2002 1104 2058 aliam
1115 2001 1273 2075 quamdam
1285 2000 1411 2076 positam
1421 2001 1458 2056 ad
1468 2002 1599 2057 dextram
1609 2004 1724 2074 partem
1733 1999 1870 2058 Salvatoris

259 2091 288 2144 et
302 2088 458 2148 habentem
473 2092 586 2151 vultum
602 2096 678 2153 beati
695 2097 771 2154 Petri
788 2099 911 2175 apostoli
927 2104 955 2157 et
970 2099 1060 2156 beate
1084 2098 1260 2156 Petronillae.
1286 2097 1372 2154 eiiam
1389 2098 1549 2174 quamdam
1573 2097 1700 2172 positam
1724 2099 1760 2156 ad
1777 2103 1870 2172 parbem

260 2184 360 2243 lavam
377 2188 533 2262 depictam,
550 2193 665 2251 vultum
680 2193 836 2253 habentem
851 2197 928 2254 beati
943 2199 1063 2255 Andree
1073 2196 1209 2270 apostoli,
1223 2195 1313 2254 simul
1323 2195 1477 2253 etvuitnm
1487 2193 1617 2270 predicti
1628 2195 1736 2257 summi
1746 2195 1871 2272 presulis,

201 2279 241 2356 Ι40
259 2299 381 2356 pensan.
398 2283 488 2343 libras
504 2293 620 2346 centum
636 2295 665 2348 et
681 2297 816 2365 quatuor.
834 2294 912 2350 Fecit
927 2293 977 2350 ubi
993 2311 1082 2368 supra
1096 2295 1190 2369 phara
1213 2311 1296 2364 eree,
1313 2311 1377 2368 que
1402 2293 1504 2350 sedent
1518 2306 1608 2367 super
1622 2292 1797 2350 vestibulum
1810 2294 1870 2350 sacri

260 2379 372 2464 altaris,
390 2400 512 2442 numero
528 2385 693 2445 duodecim.
708 2391 788 2464 Saepe
803 2407 868 2448 vero
883 2391 932 2448 hic
945 2391 1135 2448 beatissimus
1150 2409 1227 2466 papa
1241 2391 1342 2448 omnia
1355 2395 1524 2448 sanctorum
1539 2407 1603 2464 que
1616 2391 1763 2448 destructa
1777 2393 1872 2448 luerent

259 2477 324 2535 loca
338 2481 512 2541 reedificare
528 2501 706 2562 magnopere
720 2489 868 2562 aupiebat.
885 2489 958 2548 Nam
974 2489 1184 2547 monasterium
1201 2487 1369 2558 Gorsarum,
1385 2490 1463 2562 quod
1475 2487 1724 2562 juxtabasilicam
1734 2489 1805 2547 beati
1814 2489 1872 2546 Sinti

252 2578 398 2657 'martyris
415 2583 502 2654 atque
516 2582 664 2656 pontificis
678 2585 769 2642 situm
785 2591 839 2656 est,
851 2587 928 2660 quod
940 2589 1135 2662 quorumdam
1148 2587 1293 2645 malorum
1308 2586 1464 2643 hominum
1477 2587 1572 2646 luerat
1583 2587 1721 2660 operibus
1732 2587 1872 2664 desolatum

259 2677 289 2730 et
304 2675 340 2731 ad
357 2676 531 2736 seculorum
546 2680 756 2740 habitationem
773 2686 958 2759 perductum,
974 2703 1025 2759 pro
1040 2684 1135 2742 salute
1150 2701 1183 2742 ae
1199 2686 1298 2741 lutura
1321 2683 1511 2742 retributione
1534 2683 1640 2742 anime
1665 2702 1724 2742 sue
1736 2683 1872 2762 perfectius

201 2771 242 2858 ¹15
260 2774 442 2836 restauravit.
460 2777 491 2834 ln
508 2794 566 2851 quo
581 2780 670 2838 etiam
685 2781 859 2840 ancillarum
872 2781 923 2840 Dei
937 2782 1192 2858 congregationem
1203 2782 1373 2840 munivitad
1386 2781 1613 2858 persolvendum
1622 2781 1674 2840 Dei
1687 2780 1873 2858 omnipotentis
1971 2833 1972 2836 ,

261 2870 390 2948 quotidie
405 2873 516 2944 laudes,
533 2879 706 2935 muneribus
721 2879 812 2950 trusit,
829 2879 937 2938 divitiis
952 2879 1127 2954 perornavit,
1144 2882 1173 2936 ct
1184 2880 1284 2937 omnia
1298 2880 1391 2940 sacris
1405 2879 1568 2956 preceptis,
1590 2897 1654 2956 que
1682 2879 1781 2938 exinde
1793 2879 1874 2935 ablata

260 2967 386 3038 inerant,
403 2975 583 3045 restaurans,
600 2975 662 3032 suis
677 2977 786 3035 sanctis
801 2977 903 3053 digitis
918 2977 1033 3054 plenius
1048 2995 1083 3034 ea
1098 2977 1291 3035 confirmavit.
1308 2981 1336 3034 ls
1349 2976 1457 3051 sepius
1470 2982 1651 3054 memoratus
1661 2981 1690 3034 et
1707 2975 1873 3035 beatissimus

260 3081 336 3140 papa
350 3067 564 3142 predicationis
579 3089 638 3130 suas
653 3072 782 3148 alloquio
807 3074 916 3134 multos
930 3077 966 3133 ad
982 3075 1179 3150 cognitionem
1203 3073 1333 3134 veritatis
1357 3074 1504 3150 perduxit,
1520 3080 1549 3132 et
1564 3074 1732 3136 salutiferas
1752 3074 1870 3156 omnibus

260 3165 442 3236 operationes
458 3169 588 3242 quotidie
605 3171 825 3232 demonstravit.

298 3259 373 3319 ΜΒ
389 3263 462 3322 Nam
478 3270 609 3324 octavam
622 3269 842 3344 assumptionis
857 3271 947 3328 beate
963 3271 1015 3328 Dei
1030 3268 1187 3328 Genitricis
1202 3269 1291 3339 diem,
1308 3285 1372 3342 que
1386 3268 1509 3328 minime
1525 3269 1623 3328 Rome
1639 3273 1727 3354 antea
1736 3269 1872 3337 colebatur,

260 3356 369 3432 vigiliis
383 3363 476 3420 sacris
488 3366 701 3441 matutinisque
716 3385 783 3426 cnm
799 3369 880 3428 omni
895 3368 971 3429 clero
988 3372 1162 3443 pernoctans
1176 3366 1314 3426 laudibus
1328 3367 1359 3423 in
1368 3367 1488 3426 basilica
1499 3368 1632 3442 ejusdem
1645 3385 1760 3444 semper
1767 3365 1874 3442 Virginis
1970 3393 1971 3402 ι

261 3455 387 3514 domine
402 3466 517 3531 nostre,
535 3481 598 3538 quae
616 3465 685 3522 loris
702 3483 803 3524 muros
808 3468 895 3540 Juxta
905 3466 1058 3524 basilicam
1070 3467 1137 3524 beat
1125 3465 1306 3522 1Laurentn
1315 3466 1453 3540 martyris
1464 3465 1521 3522 site
1531 3471 1587 3535 est,
1598 3465 1738 3524 celebrari
1749 3463 1872 3538 precepit.

263 3551 294 3608 ln
310 3569 398 3625 quam
414 3558 502 3614 etiarn
517 3577 626 3636 magna
636 3563 734 3636 populi
747 3563 905 3621 multitudo
916 3568 1100 3633 convenerat,
1110 3581 1188 3621 nove
1199 3563 1366 3622 festivitatis
1369 3563 1500 3642 cupiens
1509 3562 1657 3622 celebrare
1668 3562 1872 3624 solemnitatem

225 3647 243 3704 5
256 3648 343 3718 Hoc
335 3667 398 3724 ipse
414 3657 622 3728 magnanimus
637 3677 704 3720 cum
719 3659 829 3718 videret
844 3661 1001 3733 antistess
994 3679 1024 3718 ιιι
1039 3678 1142 3720 omnes
1157 3659 1207 3736 qui
1222 3661 1345 3722 aderant
1359 3661 1428 3721 huic
1443 3660 1604 3723 celebritati
1619 3660 1720 3736 plures
1744 3663 1874 3734 argenteos

262 3748 400 3822 erogavit.
417 3751 496 3809 Fecit
509 3771 576 3812 vero
590 3755 685 3814 isdem
700 3757 911 3817 beatissimus
904 3777 934 3816 ιιι
949 3761 1082 3832 ejusdem
1098 3759 1146 3816 Dei
1162 3759 1318 3816 Oenitricis
1333 3775 1508 3834 semperque
1515 3757 1649 3834 virgime
1665 3759 1760 3824 biania
1774 3755 1875 3819 contenit

259 3850 371 3914 vestem
386 3849 422 3908 de
437 3849 556 3932 lundata
572 3872 672 3913 unam.
689 3855 807 3914 Necnon
823 3857 890 3914 iecit
903 3856 1012 3916 ibidem
1029 3857 1092 3916 vela
1105 3873 1226 3917 numero
1242 3856 1589 3935 quadragintaquinque,
1606 3857 1643 3914 et
1658 3857 1736 3916 inira
1748 3856 1777 3938 ἰιι
1797 3853 1872 3928 ipsius

262 3943 390 4004 ecclesie
409 3950 579 4022 oratorium,
605 3955 683 4028 quod
706 3955 853 4016 vocitatur
872 3956 963 4014 beate
977 3956 1121 4025 Barbare,
1138 3955 1245 4014 obtulit
1266 3959 1378 4018 uestem
1393 3955 1430 4012 de
1454 3955 1574 4016 lundata
1599 3971 1702 4038 unem-
1727 3955 1787 4035 lpse
1800 3951 1871 4032 ⁸1¹³lo

261 4043 426 4117 precipuus
442 4049 564 4108 antistes
581 4051 653 4108 etin
669 4053 795 4111 oratorio
808 4057 915 4112 sancte
931 4053 1065 4129 augente
1081 4053 1149 4112 lenit
1163 4055 1274 4110 vestem
1289 4053 1325 4112 de
1341 4051 1583 4134 tundatounam·

299 4140 374 4216 59⁰
390 4145 424 4203 et
438 4144 485 4203 hic
501 4147 723 4218 solertissimus,
740 4152 796 4210 ileo
810 4152 984 4226 opitulante,
1005 4149 1270 4224 sanctissimusque
1285 4152 1313 4206 et
1329 4147 1359 4204 in
1375 4147 1514 4207 omnibus
1529 4147 1689 4225 preclarus
1707 4151 1795 4228 atqm
1814 4160 1873 4221 pre·

262 4238 634 4320 cipnuspontiiexmagno
649 4248 748 4306 animo
762 4252 792 4306 et
806 4266 880 4322 pura
898 4248 1048 4306 voluntate
1071 4246 1190 4308 donavit
1203 4245 1233 4302 in
1248 4244 1372 4303 ecclesia
1395 4243 1473 4310 beati
1498 4244 1723 4322 protomyertpnis
1737 4239 1872 4330 ,Stephani

261 4353 325 4410 que
340 4339 459 4412 ponitur
474 4342 544 4406 lonis
560 4361 661 4405 muros
680 4345 767 4418 juxta
788 4344 940 4406 ecclesiam
965 4345 1042 4404 beati
1065 4341 1214 4402 Laurentii
1237 4341 1385 4418 martyris,
1411 4346 1523 4403 vestem
1542 4343 1578 4402 de
1603 4343 1726 4404 lundata
1750 4338 1873 4402 unam-Ei

262 4433 440 4510 intrahujus
455 4440 563 4498 moenia
577 4443 728 4502 ecclesie
720 4461 751 4500 ιιι
775 4445 900 4502 oratorio
921 4443 998 4503 beati
1023 4441 1128 4504 Leonis
1154 4439 1292 4516 martyris
1315 4438 1382 4498 iecit
1405 4444 1532 4500 vestem
1540 4441 1575 4498 de
1600 4439 1722 4499 fundato
1745 4454 1834 4498 unam
1847 4435 1874 4491 Ei

225 4529 268 4584 5
251 4548 324 4611 ipae
339 4533 517 4602 mitissimus
536 4539 666 4612 pontilex
687 4544 775 4616 atque
799 4539 925 4598 acutus'
917 4557 947 4597 ιιι
972 4539 1111 4597 omnibus
1127 4536 1213 4596 bonis
1237 4535 1366 4596 obtulit'
1358 4553 1389 4594 ιιι
1409 4536 1538 4600 eeclesia
1566 4537 1657 4600 beate
1673 4536 1725 4596 Dei
1739 4532 1871 4594 Genitricis

261 4645 435 4709 semperque
448 4621 576 4726 Virginis
586 4638 686 4704 Maria
702 4639 826 4700 dominae
842 4645 908 4698 nost
909 4657 957 4709 ιιι,
975 4656 1039 4714 que
1054 4635 1193 4712 ponitur
1185 4636 1232 4692 ml
1230 4653 1262 4693 ιι
1276 4634 1448 4712 predictum
1460 4617 1762 4717 monasterium,quod
1772 4635 1871 4690 venatur

261 4728 426 4800 Corsorum,
434 4738 545 4794 vestem
557 4737 592 4792 de
601 4738 827 4798 lundanunam
835 4733 1364 4813 Ubisupraobtulitinoratnriosaneti
1355 4733 1646 4800 casanovestemde
1657 4733 1775 4792 lundata
1786 4742 1867 4787 unam
1968 4733 1969 4742 ’

300 4824 375 4894 ⁶1⁰
391 4829 469 4886 Fecit
483 4831 576 4892 isdem
592 4835 840 4910 benignisasimus
861 4852 977 4896 crucem
994 4850 1114 4892 auream
1139 4833 1260 4902 noviter,
1276 4831 1328 4890 ct
1320 4848 1385 4905 ipsa
1408 4848 1489 4900 crux,
1514 4835 1548 4888 ut
1559 4847 1624 4914 mos
1646 4828 1804 4916 antiquitus
1818 4827 1866 4910 ιιι,

265 4921 436 4981 subdiaconi
452 4930 587 5008 manibus
602 4932 749 4994 terebatur
764 4939 831 4992 ante
846 4950 956 5007 equum
976 4933 1225 5006 praedecessorum
1248 4929 1434 5006 pontificum,
1451 4944 1541 5004 quam
1565 4928 1623 4987 Deo
1639 4929 1762 5013 iuuante
1773 4925 1801 4982 in
1813 4935 1869 4982 aure

265 5024 294 5076 et
308 5026 428 5096 argento
443 5041 476 5082 ac
490 5029 616 5099 gemmis
629 5031 736 5092 melius
750 5033 909 5092 renovavit.
924 5031 1035 5090 Obtulit
1048 5047 1115 5113 uero
1131 5030 1162 5086 in
1176 5027 1299 5086 ecclesia
1310 5029 1401 5090 beate
1416 5026 1557 5101 Nympha
1581 5025 1729 5109 martyris.
1753 5040 1811 5096 qne
1823 5032 1872 5077 esse

264 5119 378 5179 videtur
392 5121 422 5177 in
438 5120 553 5182 civitate
565 5125 727 5199 Portuensi,
743 5137 853 5192 vestem
868 5132 904 5191 de
920 5131 1042 5188 fundato
1053 5145 1154 5188 unam.
1170 5125 1313 5186 Similiter
1322 5125 1390 5186 lecit
1400 5124 1431 5181 in
1441 5123 1563 5186 ecclesie
1573 5124 1724 5208 beatorum
1734 5123 1871 5192 matyrum

223 5217 245 5274 5
262 5222 371 5278 cosmae
386 5224 415 5278 et
428 5220 574 5292 Damiani,
591 5240 654 5297 que
670 5227 699 5283 in
715 5228 793 5286 Silva
807 5229 932 5287 candida
947 5245 1011 5288 esse
1026 5227 1150 5286 videtur.
1167 5229 1278 5286 vestem
1294 5225 1330 5282 de
1346 5224 1466 5282 lundata
1481 5239 1583 5302 unam.
1609 5223 1726 5287 Necnon
1740 5219 1787 5278 ubi
1800 5229 1872 5294 supp

264 5317 370 5376 obtulit
382 5319 447 5377 vela
459 5320 495 5378 de
510 5320 631 5378 lundata
644 5325 709 5380 tria.
721 5331 822 5384 ornata
832 5327 862 5384 in
873 5328 998 5384 circuitu
1008 5328 1043 5384 de
1052 5325 1190 5384 blatthin.
1202 5323 1253 5382 llic
1263 5340 1330 5382 vero
1341 5321 1530 5382 beatissimus
1540 5317 1871 5421 popasaenatissimqrum

264 5421 425 5491 martyrum
442 5419 577 5494 sepulcra
591 5421 693 5480 devota
708 5428 805 5481 mente
819 5403 990 5500 ardentique
1005 5424 1125 5482 assidue
1135 5428 1251 5503 pectore
1261 5421 1409 5480 visitabat.
1422 5422 1499 5490 Quos
1510 5418 1617 5494 vigiliis
1629 5419 1793 5492 sacrisque
1786 5415 1871 5472 orabo·

266 5513 353 5572 nibus
368 5522 488 5575 cunctos
502 5535 554 5591 pro
569 5519 734 5578 orthodoxe
750 5521 818 5580 fidei
833 5521 940 5596 populo
956 5524 1103 5581 exorabat.
1460 5571 1461 5576 ,

302 5612 374 5671 511
393 5615 444 5672 Die
460 5621 557 5674 autem
573 5619 700 5692 quadam
717 5637 784 5679 cum
800 5622 837 5679 ad
849 5620 1017 5694 sepulcrum
1033 5619 1108 5678 beat
1101 5638 1111 5677 1
1088 5618 1274 5676 tLanrentii
1302 5614 1439 5698 martyris
1463 5614 1653 5690 pervenisset,
1667 5615 1697 5668 et
1718 5607 1796 5668 solito
1808 5614 1870 5684 more

265 5710 426 5769 orationem
440 5714 575 5787 expleret,
590 5717 782 5792 diligentius
775 5720 922 5793 inquirere
936 5718 1024 5795 coepit
1037 5737 1072 5776 ae
1086 5719 1196 5776 dicere:
1207 5717 1313 5784 Quanti
1324 5713 1510 5789 quotidianas
1522 5710 1570 5771 hic
1581 5674 1717 5770 monachi
1731 5707 1785 5764 Deo
1795 5696 1870 5783 opini-

202 5859 206 5868 .
265 5810 375 5881 potenti
391 5811 519 5867 releruut
528 5813 648 5872 laudes?
658 5817 740 5874 Tune
750 5834 852 5875 omnes
863 5834 912 5890 qn1
905 5816 1045 5874 'aderant
1056 5817 1122 5872 beat
1123 5833 1138 5870 n
1149 5817 1220 5887 pont
1209 5811 1279 5868 tilici
1290 5810 1475 5887 protulerunt
1485 5809 1563 5884 quod
1575 5805 1774 5883 aquibusdarn
1792 5793 1869 5874 ponii·

267 5905 372 5966 ficibus
388 5909 445 5966 duo
461 5913 639 5970 monasteria
652 5913 762 5975 ibidem
777 5916 904 5976 luissent
918 5917 1096 5982 constructa,
1113 5910 1163 5968 aed
1178 5924 1230 5983 pro
1241 5923 1350 5980 magna
1359 5908 1560 5992 paupeptatis'
1552 5904 1692 5994 ιιιορίιίιι
1703 5895 1869 5974 desolationes

232 6002 250 6058 5
268 6004 388 6065 reducta
401 6006 470 6067 sint.
484 6005 551 6068 blaa
565 6013 664 6073 autem
677 6015 740 6090 ipse
755 6015 901 6078 almificus
915 6012 1044 6089 pontifex
1058 6023 1185 6084 superno
1202 6009 1277 6072 nutu
1287 6012 1483 6080 compunctus
1494 6004 1713 6072 monasterium,
1729 5995 1799 6073 (1⁰⁰⁶
1807 5999 1868 6049 ⁰⁰⁸⁰
1967 6011 1968 6090 i
