4040 6170
133 251 215 316 in'f
477 253 662 317 HISTORIA
685 253 738 316 bu
757 253 859 317 vivis
882 251 978 316 ROM.
1001 251 1166 314 POMR-
1180 247 1432 314 Vesuvinus
1453 244 1492 309 ll.
1759 238 1837 304 1178

206 383 523 460 inmanibusgestabat
531 387 677 456 ardentes,
689 387 776 444 verbo
787 383 1070 444 scilieetluculenter
1082 383 1240 458 refulgens,
1254 387 1357 439 etaotu
1371 380 1508 438 doctrinae
1518 377 1627 453 pariter
1636 392 1758 434 munere
1768 390 1836 433 cum

151 484 188 542 15
206 483 364 558 magnifico
377 483 510 556 exemplo
524 483 681 542 laudabilis
696 485 805 541 indicio
820 486 1002 556 coruscabat,

241 582 320 640 154
334 582 468 656 Superas
479 598 595 654 quoquo
610 581 661 638 Dei
676 581 834 639 auxiliante
844 582 960 650 virtute,
973 599 1040 639 cum
1052 583 1115 655 jam
1128 581 1259 655 perfecta
1271 579 1389 635 initium
1402 573 1690 650 sumpsissetaeletis‚
1702 576 1731 630 et
1742 571 1836 645 ipsius

205 679 345 738 bonitatis
360 683 446 752 atque
462 679 631 752 sagacitatis
645 681 724 737 favor
740 680 825 754 longe
837 679 954 753 lateque
971 680 1067 738 thuris
1081 678 1216 736 odoriferi
1240 679 1334 734 instar
1349 677 1500 750 fragraret,
1525 678 1554 730 et
1569 688 1655 730 aures
1670 668 1836 728 beatissimi

133 787 149 802 ““
204 776 338 850 presulis
348 777 402 850 pia
413 777 559 833 memoria
573 778 674 834 domni
689 776 838 834 Paschalis
852 795 886 834 ex
900 777 1031 834 fidelium
1043 777 1135 834 relatu
1145 775 1271 832 veridico
1282 772 1468 832 enucleanter
1485 771 1640 845 pulsasset,
1652 783 1787 841 eumque,
1802 768 1836 822 ut

205 873 331 949 populus
346 873 541 946 collaudabat,
559 875 618 932 foro
633 875 663 931 in
677 873 816 931 omnibus
831 873 975 931 illustrem
990 879 1019 931 ct
1034 874 1176 948 inclytum
1187 872 1327 930 veraciter
1335 869 1500 928 didicisset:
1514 884 1580 924 mox
1591 866 1674 922 illurn
1684 881 1735 938 per
1744 863 1836 921 ecele-

168 974 187 1029 5
205 971 339 1030 siasticos
354 973 463 1046 gradus
479 972 515 1028 ad
531 973 761 1030 subdiaconatus
774 973 914 1030 honorem
932 973 1062 1046 provexit
1071 989 1105 1029 ex
1113 969 1301 1028 Lateranensi
1312 967 1419 1043 palatio
1429 971 1459 1024 et
1468 965 1524 1023 sibi
1535 963 1679 1021 deservire
1688 960 1834 1036 pracepit.

204 1069 296 1144 Cujus
307 1069 535 1127 conversationis
547 1074 576 1127 ot
590 1070 736 1143 patientia
751 1069 841 1126 vitam
857 1087 890 1127 oc
906 1087 1002 1127 mores
1018 1073 1081 1143 ipsa
1094 1085 1269 1144 agnoscens,
1283 1067 1367 1124 valdo
1381 1065 1466 1122 illum
1484 1081 1540 1138 pra
1557 1062 1668 1119 ceteris
1684 1060 1834 1134 diligabat.

206 1167 365 1230 Pradictus
381 1171 479 1225 autem
494 1167 547 1236 vir,
564 1168 659 1242 gratia
673 1169 799 1242 desuper
812 1168 911 1225 divina
926 1169 1040 1225 favente
1056 1168 1103 1224 eui
1118 1185 1149 1224 se
1163 1171 1225 1224 tota
1247 1166 1355 1222 mentis
1371 1163 1522 1221 devotione
1546 1161 1716 1233 integraque
1730 1158 1837 1213 virtute

205 1264 366 1336 devoverat,
382 1264 512 1322 veritatis
526 1268 555 1322 ct
570 1265 719 1340 sapientire
733 1264 838 1339 plenus
853 1265 964 1323 lumine
979 1265 1162 1322 coruscabat.
1178 1265 1246 1321 lirat
1259 1263 1336 1320 enim
1348 1277 1482 1319 sermone
1493 1257 1629 1325 affabilis,
1641 1252 1838 1312 doctrinacla·

205 1379 266 1431 rus,
281 1361 364 1418 vultu
380 1363 567 1436 conspicuus,
583 1368 612 1419 et
626 1363 702 1419 inter
716 1364 820 1421 iratres
836 1364 884 1437 pia
899 1364 1050 1421 devotione
1065 1363 1216 1420 modestus
1227 1360 1426 1434 proximisque
1435 1356 1540 1414 fidelis.
1551 1354 1647 1412 Nullis
1656 1370 1723 1410 vero
1734 1369 1765 1409 se
1775 1350 1839 1424 qui·

149 1459 185 1517 10
205 1460 259 1517 bus
275 1459 382 1534 aliquis
397 1460 441 1516 vel
457 1459 558 1518 leviter
574 1461 807 1530 contristaretur,
822 1461 919 1535 sagaci
936 1465 1050 1534 pectore
1062 1459 1166 1527 fultus,
1183 1458 1308 1532 negotiis
1323 1455 1503 1530 implicabat.
1524 1453 1597 1509 Cum
1613 1452 1753 1524 praterea
1767 1465 1835 1506 eum

203 1562 247 1615 tol
256 1557 342 1616 bouis
350 1557 500 1632 tantisque
507 1575 629 1632 operum
640 1559 752 1617 meritis
761 1561 927 1634 prestantis
934 1558 1064 1632 corporis
1071 1559 1196 1616 formam
1204 1555 1366 1631 elegantem
1372 1557 1434 1627 jam
1444 1553 1539 1610 dictus
1549 1549 1678 1625 pontifex
1687 1551 1836 1606 ornatum·

203 1672 260 1728 que
275 1655 441 1728 inspiceret,
458 1655 575 1714 levitam
591 1656 669 1714 sedis
685 1674 745 1714 sua
760 1657 925 1731 apostolica
940 1656 1129 1714 consecravit.
1144 1654 1195 1711 Cui
1211 1655 1247 1711 ob
1263 1671 1322 1710 sua
1345 1652 1410 1710 vila
1426 1651 1575 1718 meritum,
1600 1664 1658 1721 quo
1683 1644 1835 1719 splendido

202 1752 352 1822 rutilabat,
369 1757 397 1809 el
411 1753 447 1810 ab
459 1753 538 1810 omni
549 1753 682 1811 Ecclesiae
694 1754 788 1827 plebe,
798 1759 886 1828 atqua
895 1752 1000 1829 inclyto
1010 1752 1323 1825 Romanorumpopulo
1332 1755 1407 1807 aestu
1415 1748 1527 1823 ingenti
1539 1745 1716 1820 diligebatur
1725 1749 1834 1810 amore,

202 1852 279 1909 bona
293 1854 322 1908 et
336 1849 476 1908 beneficia
490 1851 584 1909 multa
598 1851 732 1926 largiflue
747 1852 881 1920 contulit,
897 1868 1024 1925 eumque
1037 1851 1225 1925 postmodum
1240 1848 1447 1906 archiaconum
1462 1845 1538 1903 fecit.
1552 1847 1613 1911 Quo
1628 1859 1699 1900 sane
1712 1836 1836 1914 presule

150 1950 185 2005 15
203 1947 318 2006 Christo
329 1948 452 2020 jubente
467 1948 598 2006 culmina
613 1952 771 2007 scandente
786 1949 925 2008 coelestia.
941 1949 1090 2024 Eugenius
1101 1953 1172 2005 tunc
1183 1946 1341 2022 pontificali
1358 1950 1402 2003 cst
1411 1946 1447 2001 ab
1459 1943 1596 2001 omnibus
1606 1940 1735 1998 elevatus
1746 1937 1775 1992 in
1787 1936 1838 1992 ho·

202 2062 285 2118 nore,
300 2051 329 2104 el
342 2047 456 2119 positus
470 2045 501 2103 in
516 2047 585 2105 sede
600 2048 770 2122 apostoliea.
787 2048 920 2116 Quicum
936 2048 1060 2117 cunctis,
1077 2063 1141 2120 que
1153 2045 1290 2114 diximus,
1302 2044 1388 2102 bonis
1399 2045 1568 2100 decoratum
1578 2037 1837 2109 iuculentcragno·

203 2161 298 2214 scens,
315 2144 394 2200 omni
410 2143 475 2200 vila
490 2161 549 2202 sue
565 2149 695 2219 tempore
709 2145 951 2204 charissimorum
965 2145 1028 2203 vica
1043 2145 1173 2210 retinuit,
1185 2143 1300 2201 etvelut
1314 2146 1397 2216 pater
1407 2140 1524 2215 proprio
1538 2137 1596 2194 frlio
1607 2136 1692 2194 eorde
1705 2149 1836 2206 congau-

202 2241 290 2298 debat
305 2240 406 2310 alacri,
423 2241 546 2316 suisque
559 2243 729 2316 aspectibus
747 2243 830 2300 illum
847 2243 965 2300 assidue
979 2242 1138 2299 consistere
1164 2241 1310 2314 cupiebat.
1337 2241 1455 2296 Peracto
1470 2255 1535 2294 vero
1551 2252 1583 2292 ae
1599 2233 1739 2290 divinitus
1753 2230 1836 2286 finito

202 2338 292 2413 hujus
307 2339 442 2413 presulis
458 2339 532 2398 lucis
548 2341 730 2398 transeuntis
746 2341 882 2411 termino,
900 2342 935 2398 ad
952 2358 1040 2398 saorra
1057 2339 1135 2396 sedis
1151 2338 1282 2396 culmina
1296 2337 1392 2394 omnis
1408 2337 1606 2392 Romanorum
1619 2336 1710 2390 coetus
1725 2325 1836 2385 crebris

147 2437 183 2492 20
201 2436 359 2494 Dominum
370 2437 494 2511 jejuniis
508 2441 537 2495 et
550 2437 730 2496 orationibus
745 2439 915 2512 deprecans,
927 2443 961 2495 ul
976 2437 1042 2510 quis
1056 2441 1143 2494 tanta
1158 2437 1237 2493 sodis
1252 2436 1363 2492 honore
1378 2433 1485 2507 dignus
1501 2433 1574 2519 foret
1584 2445 1686 2486 eorum
1698 2425 1835 2484 sensibus

201 2533 327 2592 revolare
342 2534 523 2610 dignaretur.
540 2536 595 2610 Sed
611 2535 709 2592 divina
728 2535 841 2610 placata
857 2538 1006 2608 majestas,
1022 2552 1110 2608 quem
1125 2551 1160 2592 ox
1173 2532 1347 2590 sacerdotali
1357 2532 1400 2588 eis
1410 2529 1541 2603 catalogo
1551 2526 1834 2601 eligendumareano

198 2649 259 2689 sua
274 2632 407 2706 potentia
423 2638 496 2690 nutu
511 2634 686 2702 ostenderet,
701 2634 759 2690 nisi
769 2651 848 2701 eum,
860 2651 948 2706 quem
956 2635 992 2690 ab
1002 2633 1075 2707 ipsis
1083 2632 1187 2689 matris
1196 2630 1335 2687 uberibus
1346 2633 1388 2685 lot
1398 2625 1575 2700 supradictis
1586 2624 1729 2680 virtutum
1741 2620 1833 2694 copiis

201 2733 230 2786 et
245 2728 442 2803 pulcherrimo
458 2731 658 2788 doctrinarum
674 2731 744 2789 flore
759 2735 921 2803 ornaverat,
937 2737 1023 2803 atque
1038 2731 1222 2788 constantem
1237 2731 1266 2785 et
1280 2726 1394 2784 fidelem
1409 2726 1439 2782 in
1454 2724 1593 2782 omnibus
1607 2715 1666 2779 sibi
1680 2719 1833 2776 alumnum

201 2826 355 2895 nutrierat,
370 2827 576 2886 sacratissimae
592 2828 670 2886 sedis
684 2834 825 2887 rectorem
841 2829 1000 2886 tribueret?

236 2925 312 2983 455
326 2925 462 2984 (inflectis
479 2925 606 3000 igituriu
616 2943 708 2984 unum
720 2926 1099 3000 venerabilibusepiscopis,
1115 2923 1493 2999 etgloriosisitonnaaorum
1503 2917 1682 2992 proceribus,
1693 2913 1833 2986 omnique

199 3022 303 3096 ampla
319 3022 405 3080 Urbis
420 3023 528 3098 populo
544 3025 573 3080 in
589 3024 696 3097 palatio
708 3023 906 3096 Lateranensi,
918 3027 950 3080 ut
963 3024 1111 3097 quodJam
1122 3023 1202 3080 cordi
1213 3021 1328 3079 coelilus
1341 3019 1500 3077 revelatum
1511 3015 1633 3089 equiler
1642 3029 1744 3070 omnes
1754 3014 1833 3067 lene·

201 3107 274 3177 ¹bant
287 3120 317 3176 in
326 3121 551 3178 unomultorum
560 3122 659 3179 sonitu
668 3126 826 3190 resonaret,
834 3122 923 3178 unius
931 3121 994 3178 volu
1000 3121 1089 3178 ntatis
1098 3118 1365 3177 consensufortiter
1371 3116 1565 3174 acclamatum
1577 3115 1633 3181 est,
1642 3109 1832 3167 Valentinum

158 3251 161 3258 ·
201 3208 1832 3293 sanctissimumarchidiaconumsedisapostolicaedignumlvalentinumsummiponlificatosinsuladeroran·

164 3316 182 3370 5
201 3315 288 3372 dnml
305 3315 357 3373 His
372 3321 471 3390 itaquo
485 3316 730 3386 mellifluedictis,
746 3308 1652 3390 unamoxomnespooisconjunctionemanentcsadecclasiam
1664 3308 1771 3364 sancta
1780 3301 1831 3359 Dei

200 3411 356 3472 Genitricis
370 3430 543 3489 semperque
557 3414 686 3489 Virginis
697 3414 794 3472 Maria
805 3415 1041 3472 domincnostrae
1048 3412 1319 3484 sacerclaricorum,
1328 3415 1358 3469 et
1368 3412 1566 3467 Romanorum
1579 3421 1713 3481 proceres
1723 3400 1833 3476 pariter

200 3527 267 3568 cum
283 3511 390 3586 populo
403 3517 602 3586 properantes,
619 3512 795 3586 multiplices
806 3529 873 3570 eum
884 3513 1008 3570 Domino
1017 3517 1114 3586 grates
1126 3529 1159 3568 ac
1171 3511 1272 3569 laudes
1283 3511 1452 3568 reddentem
1461 3503 1634 3563 morosoiito
1647 3500 1830 3558 invenerunt.

200 3610 292 3676 Quem
305 3609 382 3666 illico
397 3609 523 3669 mullum
539 3627 572 3667 ac
583 3610 696 3667 diutius
707 3611 893 3680 renitentem,
905 3626 995 3683 seque
1004 3609 1078 3667 tanti
1090 3609 1241 3683 regiminis
1251 3609 1312 3666 fore
1323 3609 1518 3680 incongruum
1529 3611 1597 3660 ‘voca
1608 3605 1728 3658 strenua
1738 3595 1832 3671 profe·

199 3710 322 3776 mntem,
337 3705 421 3764 almae
436 3706 539 3781 plebis,
557 3711 586 3764 al
599 3707 673 3764 latis
689 3707 842 3781 utriusque
857 3707 967 3764 militie
984 3708 1183 3764 Romanorum
1199 3707 1312 3764 electus
1327 3708 1371 3761 est
1384 3703 1505 3760 vocibus
1518 3700 1548 3756 in
1564 3699 1632 3756 sede
1648 3695 1831 3770 pontificum.

146 3803 181 3858 10
197 3804 238 3860 Ac
252 3801 356 3862 deinde
371 3804 525 3879 condignis
537 3803 633 3879 gloriae
650 3805 788 3863 laudibus
803 3810 831 3862 el
851 3805 971 3863 honoris
997 3804 1193 3879 amplitudine
1208 3806 1244 3862 ad
1260 3805 1455 3860 iateranense
1479 3796 1689 3873 patriarchium
1705 3794 1741 3850 ab
1758 3791 1832 3867 ipsis

199 3901 353 3971 deductus,
369 3905 398 3959 st
411 3901 442 3958 in
456 3901 615 3976 pontificali
630 3906 676 3960 est
690 3903 804 3977 positus
828 3902 943 3960 throno.
960 3905 1051 3976 Cujus
1066 3909 1185 3960 ovanter
1199 3903 1235 3958 ab
1257 3901 1337 3959 omni
1365 3901 1564 3956 Romanorum
1580 3897 1683 3952 senatu
1708 3891 1831 3967 pedibus

199 3997 350 4068 osculatis,
366 4003 396 4056 ct
410 3999 549 4058 omnibus
563 4017 628 4074 que
637 4000 780 4074 explenda
795 4004 878 4057 erant
891 4001 944 4058 rite
960 4017 993 4058 ac
1007 4006 1177 4058 veneranter
1192 3998 1327 4073 peractis,
1345 4012 1453 4071 magna
1462 3993 1615 4061 sobrietas,-
1626 4007 1732 4064 magna
1744 3988 1775 4044 in
1787 3991 1830 4045 to·

197 4095 258 4153 tius
273 4113 360 4154 sexus
370 4100 400 4154 el
414 4097 509 4155 atatis
523 4097 631 4172 populo
646 4096 747 4156 latitia
761 4098 881 4156 mansit.
897 4099 1027 4172 Ejusquc
1049 4096 1276 4156 consecrationis
1292 4096 1338 4154 die
1353 4111 1454 4153 sereno
1473 4093 1537 4166 jam
1551 4090 1747 4156 illucescente,
1763 4102 1830 4142 curn

199 4190 311 4252 lumine
321 4195 386 4268 jam
400 4194 511 4252 dietum
527 4194 687 4253 antistitem
704 4197 742 4254 ab
753 4196 830 4253 beati
839 4196 914 4254 l’etri
925 4195 1122 4270 apostolorum
1132 4195 1272 4270 principis
1284 4193 1437 4252 eeclesiam
1448 4207 1549 4248 omnes
1560 4187 1669 4262 puriter
1679 4183 1831 4242 Romania

146 4290 181 4347 15
198 4291 307 4364 palatio
317 4293 494 4350 deducentes
504 4309 583 4361 eum,
595 4295 748 4366 majestate
761 4293 859 4352 divina
868 4294 1037 4361 auxiliante,
1047 4292 1077 4349 in
1089 4293 1146 4350 alto
1157 4294 1262 4351 throno
1273 4308 1423 4349 summum
1436 4301 1640 4346 consecravere
1650 4282 1829 4357 pontificem.

233 4388 312 4447 m
326 4389 381 4458 Qui
396 4406 464 4447 mcx
477 4390 610 4448 almifice
625 4391 705 4448 sedis
718 4391 850 4449 culmina
864 4392 1008 4450 scandens
1020 4391 1097 4448 boati
1108 4392 1182 4448 Petri
1197 4390 1321 4464 aposloli
1333 4394 1362 4448 et
1374 4387 1499 4447 coelestis
1512 4384 1592 4460 regni
1603 4379 1748 4456 clavigeri,
1760 4378 1830 4434 divi-

198 4485 245 4543 nis
260 4486 319 4544 Deo
333 4486 472 4545 laudibus
487 4491 516 4545 el
530 4487 681 4547 sacrifieiis
697 4488 743 4562 pie
758 4489 874 4560 oblatis,
891 4489 988 4563 amplo
1003 4489 1195 4563 almagniflco
1206 4490 1404 4546 Romanorum
1415 4491 1490 4543 oratu
1504 4484 1540 4542 ad
1553 4481 1695 4557 palatium
1706 4494 1773 4535 cum
1784 4475 1830 4534 in·

197 4581 546 4660 geuligaudicren'aeavit;
560 4589 647 4661 atque
656 4586 831 4644 lautissimis
841 4580 1660 4660 dapidussumptis‚amantissimorummultisetdiversis
1670 4591 1829 4634 munerum

198 4681 283 4738 donis
299 4699 413 4741 sacram
428 4683 545 4758 plebem
559 4689 587 4742 et
602 4689 736 4742 sanatum
753 4683 954 4759 populumque
969 4685 1134 4742 itomanam
1150 4683 1258 4758 optime
1274 4687 1313 4755 (o)
1328 4682 1439 4740 ditavit.
1456 4683 1525 4738 Erat
1538 4677 1647 4751 quippe
1661 4673 1829 4749 dapsilitate

161 4779 181 4834 5
198 4777 335 4852 inclytus,
352 4780 465 4838 actione
480 4783 656 4856 praecipuus,
673 4799 807 4840 sermone
823 4781 999 4852 luculentus,
1015 4781 1154 4840 omnibus
1167 4782 1370 4856 compassione
1384 4779 1542 4853 proximus,
1559 4775 1727 4848 etinopiam
1738 4771 1830 4830 susti·

197 4875 335 4934 uentibus
350 4883 549 4952 opportunum
575 4879 720 4937 instanter
734 4878 872 4937 solatium
888 4881 1030 4954 prebens.
1046 4880 1159 4947 Quibus
1174 4879 1388 4952 multiplicibus
1402 4877 1487 4934 bonis
1500 4879 1638 4944 ornatus„
1648 4874 1685 4930 ad
1701 4871 1830 4930 caelestia

198 4973 312 5031 Christo
326 4970 447 5034 vocante
461 4977 590 5050 corporis
611 4993 770 5051 oppressus
794 4977 928 5034 molestia
946 4977 1023 5034 exitu
1038 4979 1164 5050 pretioso
1190 4975 1335 5045 transivit,
1360 4979 1447 5048 atque
1471 4991 1538 5030 cum
1558 4971 1744 5030 desiderabili
1759 4972 1828 5029 bea·

198 5070 364 5145 tissimique
379 5073 477 5148 operis
492 5075 588 5132 fructu
604 5075 640 5132 ad
656 5079 845 5149 conspectum
862 5093 984 5132 summae
999 5076 1163 5148 majestatis
1179 5074 1263 5133 latus
1280 5073 1421 5142 ascendit,
1438 5073 1541 5130 laetans
1556 5075 1585 5128 et
1598 5071 1748 5128 exsultans
1759 5083 1827 5124 eum

197 5167 321 5226 Domino
336 5187 462 5245 sempor.

719 5305 845 5353 aoruca
865 5305 1058 5353 aesomnes
1079 5306 1238 5353 censoru.

162 5389 213 5462 (c)'
227 5389 334 5466 opime.

798 5493 920 5551 VARIAE
938 5493 1148 5551 LEGTIONES.

266 5613 344 5687 Apud
358 5616 515 5673 fabrettum
529 5633 565 5674 ec
578 5617 668 5674 codice
682 5619 805 5676 Frateri.
962 5622 989 5688 Α
1005 5635 1085 5676 more
1109 5618 1210 5676 nobili.
1228 5618 1272 5676 lin
1296 5622 1323 5691 8,
1339 5614 1538 5691 inspirationis
1561 5615 1687 5669 nectare.
1709 5613 1752 5670 lia
1779 5611 1822 5683 15,

347 5703 384 5760 'ia
408 5706 433 5773 1,
460 5707 541 5779 patra
566 5705 697 5773 Leontio,
714 5707 790 5763 sedit
817 5723 948 5766 mensem
1004 5690 1138 5765 exempli·

357 5801 367 5846 ¹,
383 5777 426 5832 lta
440 5777 468 5846 5,
485 5775 657 5847 rimabatur,
673 5783 702 5834 et
719 5778 841 5853 ingenti.
861 5779 905 5837 tin
918 5782 946 5851 6,
1037 5786 1111 5838 Num
1125 5781 1187 5850 151,
1204 5779 1280 5846 line,
1296 5776 1456 5834 intentione
1472 5774 1635 5833 modestus.
