4072 6170
487 251 672 318 nrsronra
694 249 745 323 nu
767 249 871 320 virts
891 247 987 320 nou.
1011 255 1126 320 rona.
1148 287 1188 302 -
1209 255 1242 318 s.
1264 251 1447 322 rrarnrns.
1757 257 1818 336 sis
1858 209 1864 214 ¹

806 615 890 691 txt.
922 615 1116 691 llthLlllS.

491 848 573 906 enno
594 849 713 906 cuspes
734 835 806 912 tto,
829 851 999 903 rusrnnnrn
1021 854 1083 909 nn.
1109 839 1157 913 tt,
1179 851 1291 905 emron
1312 851 1380 901 rso.
1403 839 1434 898 t.

857 1065 1057 1090 ἡ,

232 1227 314 1284 m
336 1221 480 1314 vigilius,
502 1223 630 1288 natione
652 1229 823 1300 Romanus,
857 1245 894 1288 ex
925 1231 1015 1310 patre
1035 1227 1158 1290 loanne
1188 1226 1328 1300 consule,
1351 1225 1433 1288 sedit
1462 1244 1563 1288 eunus
1591 1227 1627 1288 ll
1650 1226 1704 1308 (a),
1729 1245 1819 1290 men·

191 1347 239 1390 ses
260 1327 413 1410 quinque,
435 1329 501 1392 dies
522 1331 573 1392 26.
595 1331 714 1394 llodem
738 1337 878 1424 tempore
899 1331 1064 1394 vilisarius
1087 1332 1237 1413 patricius
1266 1333 1424 1396 commisit
1450 1332 1569 1394 bellum
1599 1352 1669 1395 cum
1694 1333 1820 1415 Gultige

190 1433 232 1524 (d)
254 1453 327 1517 rege
350 1435 535 1512 Gothorum,
559 1437 614 1519 qni
634 1458 688 1501 rex
711 1439 834 1521 lugiens
855 1445 951 1502 noctu
973 1440 1132 1504 insecutus
1160 1448 1207 1504 est
1234 1460 1306 1503 eum
1334 1442 1473 1504 loannes
1494 1441 1531 1522 (c)
1555 1441 1704 1521 magister
1734 1440 1818 1504 mili-

190 1547 270 1622 tum¹
293 1542 345 1604 cul
365 1559 540 1624 cognomen
561 1525 799 1627 sanguinarius,
825 1553 856 1610 et
878 1547 977 1618 tenuit
999 1565 1081 1621 eum,
1106 1553 1137 1611 et
1157 1547 1290 1609 adduxit
1321 1546 1362 1609 ad
1392 1547 1585 1617 Vilissrium.
1609 1553 1641 1610 et
1666 1548 1706 1608 ad
1732 1548 1820 1630 vigi·

149 1648 267 1712 stium
290 1651 434 1713 Romam.
456 1652 546 1713 'lunc
566 1651 722 1714 dederunt
742 1653 771 1715 ei
792 1659 991 1716 sacramenta
1012 1653 1044 1715 in
1065 1654 1228 1716 basilicam
1249 1654 1313 1716 luli
1335 1652 1389 1735 (d),
1412 1659 1448 1715 ut
1475 1654 1597 1716 salvum
1627 1653 1718 1716 illum
1747 1673 1820 1736 per·

190 1755 343 1818 ducerent
363 1757 405 1819 ad
424 1757 638 1820 lastinianum
660 1759 897 1841 imperatorem.
927 1761 1026 1834 Quem
1056 1780 1127 1824 cnm
1159 1761 1321 1823 duxissent
1352 1761 1670 1842 Constantinopolim,
1693 1762 1820 1840 gavisus

192 1867 239 1924 est
258 1863 444 1946 imperator,
468 1871 500 1926 et
521 1864 595 1940 iecit
616 1885 688 1928 eum
710 1867 878 1948 patriciam
907 1872 938 1929 et
968 1868 1126 1941 comitem,
1151 1873 1182 1929 et
1204 1867 1378 1929 transmisit
1398 1885 1469 1928 eum
1488 1867 1582 1946 juxta
1610 1867 1687 1929 lines
1709 1869 1820 1930 Persa-

191 1987 275 2043 rum,
306 1975 338 2031 et
365 1969 410 2031 lbi
436 1971 533 2032 vitam
563 1971 674 2034 linivit.
706 1973 886 2034 Vibsarium
915 1992 989 2035 vcro
1018 1973 1226 2053 interrogavit
1246 1975 1429 2054 imperator,
1453 1973 1613 2053 quomodo
1635 1992 1667 2034 se
1689 1972 1822 2036 heberet

192 2083 264 2140 cum
288 2077 437 2139 Romanis
460 2077 509 2140 vel
530 2079 690 2160 quomodo
711 2079 743 2140 in
765 2080 835 2143 loco
866 2080 991 2143 Silvcrii
1018 2081 1179 2143 statuisset
1205 2081 1366 2160 vigilium.
1392 2081 1440 2155 nc,
1464 2079 1538 2142 dato
1560 2081 1600 2141 ab
1623 2099 1659 2142 eo
1689 2099 1821 2162 respon·

135 2183 174 2246 to
192 2202 238 2262 ιο,
262 2189 382 2265 gratias
403 2184 432 2246 ei
453 2183 586 2265 egerunt
613 2186 787 2266 imperator
816 2192 848 2248 et
877 2193 1029 2266 angusta;
1053 2192 1084 2249 ct
1105 2187 1180 2249 dats
1200 2186 1230 2248 ei
1250 2186 1416 2266 dignitate,
1439 2187 1554 2248 iterum
1584 2187 1668 2248 misit
1694 2207 1766 2249 cum
1789 2188 1821 2251 in

130 2363 134 2369 ,
193 2289 333 2354 Africam
354 2290 394 2352 ad
416 2291 599 2354 Gundsrum
622 2293 658 2375 (e)
681 2311 787 2374 regem
810 2293 1049 2356 Guandalorum
1071 2293 1123 2374 (l),
1147 2298 1178 2355 ct
1200 2297 1234 2354 ut
1256 2312 1327 2373 quse
1350 2293 1466 2354 iecerat
1488 2292 1520 2354 in
1542 2293 1632 2355 ltalia
1653 2294 1770 2357 feceret
1791 2301 1824 2358 et

192 2397 224 2458 ln
252 2396 369 2460 Alrlca.
398 2398 457 2478 Qui
486 2398 615 2461 veniens
643 2398 675 2460 in
707 2399 784 2462 lines
811 2400 924 2462 Airicae
953 2399 1012 2461 sub
1039 2401 1112 2463 dolo
1140 2399 1227 2481 pacis
1257 2399 1415 2461 interiecit
1444 2400 1628 2462 Gunderum
1651 2399 1693 2484 (p)
1715 2419 1821 2482 regem

194 2502 450 2582 Guandalnrum„
465 2510 494 2568 ct
518 2505 646 2568 redacta
666 2511 713 2568 est
734 2506 838 2568 Atrine
859 2508 918 2568 sub
941 2507 1181 2588 rempublicam.
1205 2509 1295 2568 Tunc
1325 2507 1494 2570 Belisarius
1514 2507 1668 2586 patricius
1687 2507 1726 2570 de
1748 2525 1821 2589 spo-

194 2607 243 2669 liis
265 2609 499 2672 Guendelorum
524 2611 563 2696 (b)
594 2611 724 2672 veniens
754 2613 901 2688 Romam,
931 2612 1047 2677 obtulit
1074 2614 1166 2675 bento
1197 2615 1290 2674 Petro
1312 2613 1456 2693 apostolo
1488 2632 1543 2693 per
1572 2631 1684 2675 manus
1716 2613 1824 2694 Vigilli

136 2717 176 2776 tii
197 2734 287 2800 papse
310 2734 434 2778 crucem
456 2735 584 2780 auream
606 2736 678 2780 cnm
699 2719 843 2798 gemmis,
868 2739 939 2800 quse
961 2727 1073 2800 pensat
1094 2719 1191 2781 libras
1214 2725 1358 2792 centum;
1382 2718 1414 2779 ln
1436 2737 1501 2798 que
1521 2719 1646 2800 scripsit
1673 2719 1822 2782 victorias

195 2840 268 2884 suns
289 2821 336 2913 (ι).
359 2823 537 2887 Cerostntes
557 2830 723 2905 argenteas
745 2825 912 2888 deauratas
934 2825 1070 2906 majores
1091 2825 1181 2902 dues,
1205 2843 1276 2905 quae
1297 2830 1504 2904 stantesque
1529 2823 1625 2886 bodie
1650 2829 1723 2887 ente
1751 2843 1822 2887 cor·

196 2948 255 3010 pus
276 2929 361 2991 beati
382 2931 466 2992 Petri
487 2931 634 3011 apostoli.
658 2932 720 2995 Sed
742 2938 774 2994 et
793 2933 857 2994 alia
878 2933 980 2995 multa
1000 2932 1086 2994 done
1115 2937 1147 2993 et
1177 2930 1391 3012 eleemosynas
1413 2947 1588 3012 pauperum
1610 2930 1742 3010 largitus
1764 2936 1821 2993 est.

198 3036 286 3098 Fecit
307 3037 400 3098 etiam
423 3037 590 3101 Belisarius
612 3039 763 3120 petricius
784 3039 1016 3114 xenodochium
1039 3039 1072 3099 in
1094 3037 1147 3100 sis
1174 3038 1250 3111 lata,
1281 3043 1312 3099 et
1341 3036 1386 3118 (j)
1415 3037 1448 3098 in
1479 3037 1530 3098 vie
1558 3037 1713 3100 Flaminia
1730 3037 1824 3126 juxta

197 3143 355 3208 civitatem
377 3144 486 3208 hortasi
508 3145 548 3232 (k)
571 3149 798 3211 monesterium
821 3149 922 3210 sancti
942 3146 1114 3222 Juvelanis,
1139 3146 1193 3208 nbi
1215 3145 1428 3228 possessiones
1449 3151 1481 3208 et
1502 3145 1587 3208 dona
1608 3145 1710 3208 multa
1731 3146 1825 3228 lurgi-

141 3251 181 3312 20
201 3257 252 3314 tus
272 3257 332 3317 est.

239 3366 322 3422 1⁰⁸
345 3359 463 3423 liodom
485 3367 627 3444 tempore
647 3361 815 3438 Theodora
836 3367 974 3443 auguste
994 3361 1119 3442 scripsit
1146 3361 1187 3422 ed
1216 3359 1365 3440 vigilium
1394 3376 1510 3441 papem
1535 3376 1543 3421 τ
1567 3359 1655 3434 Veni,
1684 3358 1823 3441 adimple

197 3464 290 3528 nobis
311 3483 382 3547 quse
403 3487 461 3549 pro
483 3468 568 3531 bone
589 3468 751 3532 voluntate
778 3474 834 3531 tua
861 3469 1034 3550 promisisti
1063 3469 1102 3530 da
1132 3474 1220 3549 patre
1248 3472 1355 3529 nostro
1376 3465 1538 3542 belhimo,
1561 3472 1594 3528 et
1614 3483 1728 3529 revoca
1749 3485 1821 3529 eum

195 3573 228 3634 ln
250 3573 390 3635 olllclum
411 3592 516 3637 sunm.
540 3575 588 3638 Ad
609 3575 678 3638 haec
700 3576 860 3657 rescripsit
880 3575 1012 3661 vigilius
1035 3593 1043 3636 ι
1066 3574 1157 3637 Absit
1177 3574 1238 3636 boc
1267 3591 1286 3634 e
1314 3591 1375 3646 ms,
1406 3572 1535 3635 domiue
1555 3574 1709 3654 Augusta.
1732 3573 1828 3635 Prins'

196 3679 321 3743 locutus
341 3699 411 3743 sum
434 3681 517 3744 male
547 3688 578 3744 et
603 3681 800 3764 insipienter,
829 3683 924 3745 modo
953 3688 1060 3744 eutem
1089 3681 1177 3743 nullo
1206 3680 1300 3742 modo
1328 3680 1386 3742 tibi
1414 3680 1587 3756 consentio,
1618 3687 1653 3743 ut
1680 3698 1824 3742 revocem

158 3785 357 3850 dbominem
379 3787 563 3851 haereticum
585 3794 617 3852 et
637 3789 951 3860 anathematizatum.
974 3790 1013 3851 m
1034 3789 1061 3850 si
1081 3788 1229 3868 indignus
1251 3787 1386 3849 vicarius
1407 3806 1476 3849 sum
1504 3786 1588 3849 beati
1619 3787 1704 3850 Petri
1730 3804 1823 3868 epos·

195 3893 263 3967 toli,
288 3895 447 3975 quomodo
471 3896 597 3969 luerunt
618 3901 833 3960 antecessores
855 3895 917 3959 mei
938 3894 1127 3958 sanctissimi
1148 3895 1301 3974 Agapitus
1322 3898 1352 3954 ot
1375 3893 1537 3968 silverius,
1561 3893 1615 3973 qui
1637 3911 1709 3955 enm
1731 3893 1821 3954 dem·

196 4001 375 4063 naverunt?
396 4004 485 4063 Tunc
506 4003 641 4066 Romani
661 4003 805 4066 iecerunt
826 4004 1043 4084 suggestiones
1073 4019 1146 4063 suas
1172 4005 1282 4062 contra
1302 3999 1464 4080 vigilium,
1487 4018 1524 4060 eo
1546 3999 1631 4079 qnod
1653 4017 1723 4062 cnm
1748 4018 1824 4062 con·

196 4107 267 4168 silio
297 4105 365 4191 ejus
391 4108 554 4195 deposltus
581 4109 692 4172 luisset
719 4109 868 4172 Silverius
897 4107 1098 4170 beatissimus
1125 4125 1209 4188 papa
1237 4113 1443 4186 suggerentes
1465 4104 1499 4186 (l)
1522 4106 1632 4186 pietati
1654 4112 1728 4182 tuae,
1751 4107 1827 4187 quia

196 4212 280 4286 mele
301 4213 367 4294 egit
386 4232 458 4276 cum
481 4215 577 4277 servis
598 4216 661 4277 tuis
681 4215 842 4292 Romanis,
865 4221 989 4278 etcum
1010 4214 1080 4295 ipse
1102 4211 1192 4294 plebe
1214 4231 1271 4274 sua
1295 4229 1302 4272 :
1326 4211 1401 4291 quia
1432 4210 1623 4273 homicidam
1651 4211 1740 4273 illum
1770 4229 1824 4274 ec·

144 4319 178 4384 lo
197 4337 355 4384 cnsamus.
378 4321 430 4384 Sic
450 4327 498 4385 est
517 4322 550 4384 in
573 4323 711 4386 furorem
739 4340 858 4398 versus,
893 4327 926 4383 ut
953 4321 1044 4383 daret
1071 4320 1197 4400 alapam
1228 4317 1353 4380 noterio
1384 4335 1453 4391 suo,
1478 4317 1534 4397 qui
1556 4335 1630 4378 mox
1660 4318 1700 4379 sd
1730 4318 1827 4399 pedes

199 4426 268 4508 ejus
288 4427 415 4504 cedens,
439 4429 623 4510 exspiravit.

238 4541 321 4598 itu
342 4533 421 4598 ltem
442 4534 530 4598 dedit
554 4541 682 4618 neptem
710 4553 800 4598 snam
828 4534 975 4616 l'lglliam
1005 4532 1055 4617 (m)
1081 4532 1205 4595 Asterie
1234 4529 1367 4604 consuli,
1397 4530 1499 4592 tilium
1530 4528 1671 4592 mullerls
1697 4531 1824 4608 nidum3

198 4660 261 4724 qno
283 4658 356 4704 casu
378 4641 524 4722 lactente,
548 4641 621 4706 iecit
642 4661 714 4704 eum
736 4641 836 4705 teneri
857 4647 961 4722 nocte,
985 4646 1017 4705 et
1039 4639 1149 4702 tandin
1171 4639 1250 4701 caedi
1271 4637 1413 4719 quandiu
1433 4638 1531 4700 vitem
1552 4637 1748 4711 liniretouo
1770 4657 1828 4700 au·

196 4748 275 4825 dito,
296 4751 440 4830 Auguste
461 4749 546 4822 misit
564 4749 770 4812 Anthemium
792 4748 969 4811 scribonem
991 4765 1062 4810 cum
1080 4745 1275 4828 jussionibus
1296 4745 1372 4821 suis,
1396 4751 1428 4808 et
1455 4763 1526 4807 cum
1557 4744 1673 4808 virtute
1701 4743 1826 4826 majore

196 4857 330 4918 ltomam
350 4855 458 4919 dicens
481 4873 489 4918 ι
511 4857 650 4937 lixcepto
671 4856 704 4918 in
726 4856 857 4920 basilice
877 4855 978 4918 seneli
997 4855 1084 4917 Petri
1105 4871 1199 4935 parce
1221 4852 1275 4934 (n).
1298 4855 1376 4914 llam
1408 4853 1436 4916 ei
1461 4853 1493 4914 in
1522 4851 1699 4928 Lateranis,
1727 4857 1825 4933 atque

160 4961 229 5024 tin
250 4961 371 5052 palatio
393 4968 449 5026 eut
469 4963 502 5026 in
524 4963 666 5046 qualibet
687 4963 819 5026 ecclesie
839 4963 996 5025 inveneris
1017 4961 1177 5042 vigilium,
1202 4979 1277 5021 mox
1297 4959 1445 5039 imposito
1475 4959 1509 5021 in
1537 4959 1610 5021 navi
1643 4958 1681 5042 (e)
1708 4959 1828 5041 perduc

198 5087 268 5132 eum
292 5088 390 5151 usqua
412 5070 451 5131 ed
475 5089 543 5132 nos.
566 5073 646 5132 Nem
667 5071 694 5134 si
716 5089 778 5132 non
801 5069 922 5145 leceris,
947 5089 1003 5151 per
1024 5068 1182 5130 viventem
1205 5067 1238 5127 in
1260 5066 1378 5127 saecula
1398 5065 1555 5128 excoriari
1575 5070 1606 5128 te
1628 5065 1828 5140 inciamoui

195 5176 381 5248 Anthemius
402 5175 505 5240 scribo
529 5177 655 5240 veniens
683 5179 828 5250 Romam,
858 5175 982 5240 invenit
1009 5193 1082 5236 eum
1113 5174 1146 5235 in
1177 5172 1310 5236 ecclesie
1338 5177 1455 5234 sanctae
1485 5172 1607 5236 Ceciliae
1628 5190 1649 5234 ιι
1669 5153 1828 5238 llslendss

707 5396 834 5446 notum
855 5396 1049 5445 ulnbfflttsss
1071 5395 1235 5443 ransom.

151 5571 380 5659 tammulti.
419 5572 591 5649 (b)Witige.
629 5575 1254 5649 (c)‘quemtugienteminsestJoannes.
1295 5573 1484 5658 (ιὶ)(]..1ιι1ίί.ι
1517 5573 1598 5644 (e)C‚
1616 5571 1825 5656 Gontharidem

161 5713 166 5725 Ι
214 5648 301 5728 W·
336 5644 630 5730 tst'vendelopum.
696 5646 1218 5732 l'tiuutberum.··(b)·l'tdeltoron.
1235 5645 1421 5702 adonnblo.
1460 5647 1537 5714 (nc,
1554 5645 1726 5726 {terestrets
1765 5645 1825 5718 (ii'

132 5703 216 5802 titud.
253 5716 589 5803 (necennensium.
627 5717 665 5800 (i).
696 5735 755 5788 ‚su
797 5736 920 5802 erimus,
944 5723 1094 5796 inquiunt.
1132 5721 1182 5800 sm)
1207 5720 1238 5798 Q,
1263 5719 1398 5798 nepptem
1420 5732 1509 5773 suum
1533 5713 1668 5790 Vrgrlrus.
1706 5715 1774 5790 (n)'
1794 5713 1825 5772 Sl

133 5799 188 5845 cnm
201 5785 347 5848 inveneris
360 5803 392 5846 ιιι
406 5787 529 5854 basilus
543 5789 576 5856 B.
590 5789 667 5856 Pstrr
680 5795 782 5872 aposto
797 5808 805 5847 1
817 5807 915 5874 puros.
951 5793 990 5871 (o)
1005 5793 1017 5817 ·
1032 5789 1206 5870 imposrtum
1220 5801 1251 5845 ιιι
1266 5803 1374 5846 nuum.
