4048 6174
221 140 279 202 983
791 135 997 198 ANASTASII
1018 133 1345 212 BlelOTHEGARll.
1837 141 1886 208 pap

302 272 396 332 duces
424 249 630 350 spoletanum
658 273 690 330 et
717 270 986 344 Beneventanum,
1015 271 1048 328 et
1072 265 1228 328 exarchus
1257 269 1400 342 Romam,
1432 268 1464 326 st
1483 283 1566 346 ques
1593 263 1711 345 pridem
1742 267 1778 332 ds
1804 275 1887 352 pond-

217 425 233 447 .
302 384 369 446 ficis
398 401 534 464 persone
558 383 807 463 Jussusruerat,
838 385 995 465 impleret.
1026 380 1085 452 Oui
1110 399 1164 442 rex
1193 379 1355 460 Spoletam
1384 378 1524 454 veniens,
1555 380 1704 461 susceptis
1729 382 1890 468 abutrisqua

302 498 434 562 ducibus
462 500 667 562 sacramentis
702 507 797 582 atque
828 500 1000 574 obsidibus,
1031 515 1102 559 cum
1131 500 1198 556 tota
1225 513 1283 556 sua
1312 494 1442 556 cohorte
1471 495 1511 576 (a)
1540 495 1573 556 in
1622 497 1748 559 Neronis
1773 517 1892 582 eampum

304 617 441 678 secessit.
469 617 517 678 lld
547 635 639 696 quem
670 635 814 696 egressus
841 615 997 707 pontifex,
1027 613 1118 693 eique
1146 615 1367 692 praesentatus,
1395 610 1515 675 studuit
1542 615 1578 672 ut
1606 612 1708 693 potuit
1738 615 1811 696 ragis
1835 621 1895 682 mol.

245 735 281 796 lb
305 731 363 794 lire
393 731 533 794 animum
562 731 809 792 commonitione
838 730 901 811 pia,
931 730 974 790 ita
1004 733 1040 790 ut
1067 746 1100 789 se
1132 732 1347 808 prosterneret
1381 725 1449 807 ejus
1485 727 1629 808 pedibus,
1666 732 1698 789 et
1728 731 1895 809 promitteret

306 865 339 909 se
368 846 446 908 nulli
475 847 592 909 interro
619 846 805 910 laesionem:
838 851 933 926 atque
966 844 1010 906 sic
1046 843 1086 904 ud
1116 847 1237 905 tantam
1266 843 1542 924 compunctionem
1576 842 1636 924 piis
1670 844 1791 908 monilis
1818 847 1897 913 flexus

308 967 366 1038 est,
395 966 431 1023 ut
458 981 528 1042 quae
557 963 662 1024 luerat
689 961 829 1037 indutus,
857 965 996 1035 exueret,
1025 963 1055 1021 et
1084 962 1157 1021 ante
1185 976 1300 1040 corpus
1327 958 1464 1039 apostoli
1491 963 1622 1040 poneret
1650 965 1797 1036 mentun,
1822 967 1897 1028 armi·

309 1076 442 1139 lausiam
469 1076 526 1158 (b),
556 1078 709 1153 balteum,
742 1081 864 1158 spatam
897 1081 993 1157 atquc
1026 1092 1132 1137 ensem
1165 1074 1365 1149 deauratum,
1401 1067 1525 1138 necnon
1559 1091 1707 1136 coronam
1741 1094 1853 1140 auream
1875 1089 1898 1144 el

309 1211 434 1256 crucam
463 1199 657 1273 argenteam.
688 1196 764 1256 Post
791 1194 971 1256 orationem
999 1191 1114 1252 lactum
1146 1188 1323 1252 obscurarit
1350 1188 1532 1270 pontificem
1561 1195 1599 1251 ιιι
1619 1197 1900 1257 memoratumexsr·

249 1307 289 1368 20
310 1307 404 1368 chum
435 1307 473 1368 ad
504 1308 590 1389 pacis
618 1308 820 1370 concordiam
849 1307 1007 1388 suscipere
1034 1306 1231 1386 dignaretur,
1261 1304 1345 1386 quod
1373 1310 1406 1366 et
1433 1305 1552 1367 lactum
1581 1310 1640 1368 est.
1669 1307 1707 1368 lli
1734 1307 1775 1368 sic
1799 1311 1901 1374 recessit

310 1441 383 1502 rege
413 1423 590 1487 declinante
618 1443 638 1484 a
667 1425 769 1499 naalia,
798 1424 913 1505 quibus
941 1423 1065 1496 inierat,
1097 1419 1236 1484 consiliis
1265 1439 1337 1483 cum
1365 1419 1513 1483 exarcho.

357 1547 436 1602 181
467 1539 566 1620 igitur
594 1539 732 1602 exarcho
761 1542 869 1602 Itomae
906 1538 1053 1613 moranti,
1083 1537 1171 1599 venit
1202 1537 1235 1598 in
1265 1536 1407 1618 partibus
1435 1535 1556 1598 Tuscia
1584 1537 1617 1598 ιιι
1646 1544 1780 1600 oestrum
1805 1541 1902 1604 Manlu-

312 1654 511 1738 riuaensele)
539 1656 667 1737 quidam
697 1657 852 1731 seductor,
882 1655 1025 1718 'liberius
1054 1653 1192 1732 nomine,
1222 1653 1272 1715 cui
1301 1670 1476 1733 cognomen
1504 1656 1573 1714 crat
1607 1653 1760 1729 Petusius,
1787 1656 1836 1736 qui
1858 1657 1901 1718 sibl

313 1790 446 1850 regnum
476 1772 610 1834 Romani
636 1772 762 1853 imperii
789 1789 942 1854 usurpare
971 1770 1157 1832 conabatur.
1188 1767 1331 1831 leviores
1367 1786 1494 1850 quoque
1528 1768 1690 1850 decipiens
1716 1770 1759 1832 ita
1785 1776 1816 1832 ul
1838 1772 1903 1834 blau·

313 1886 522 1961 tociacenses,
551 1890 712 1948 Lunenses
739 1891 834 1968 atque
862 1887 993 1950 Blcdani
1021 1885 1064 1968 (d)
1094 1885 1124 1947 ci
1159 1888 1356 1946 sacramenta
1392 1881 1623 1965 praestitissent.
1654 1885 1809 1950 ldxurcbus
1838 1906 1904 1960 aero,

274 1998 383 2061 bbaac
413 2000 555 2076 sudlens,
585 2001 731 2064 turbatus
760 2007 817 2077 est,
848 2020 941 2082 quem
970 2000 1184 2063 sanctissimus
1213 2017 1297 2081 papa
1324 1999 1518 2075 contortans,
1549 2005 1581 2064 et
1611 2017 1686 2062 oum
1725 2019 1760 2064 eo
1792 2021 1907 2084 proceru

315 2115 461 2178 llccleaiae
491 2117 618 2179 mittens
645 2122 741 2197 etque
769 2117 924 2183 exereitus
953 2117 1086 2197 profecti
1114 2120 1198 2177 sunt.
1229 2115 1287 2188 Oui
1316 2115 1488 2190 venientes,
1518 2115 1551 2177 ln
1578 2115 1840 2180 Munluariauensi
1862 2137 1907 2180 ess·

317 2231 392 2292 tello
427 2227 543 2294 ibidem
575 2232 717 2293 Petusius
753 2233 962 2312 interemptus
998 2237 1056 2294 cst.
1094 2231 1191 2310 Cujus
1223 2230 1395 2292 abscissum
1428 2236 1526 2312 caput
1556 2233 1850 2315 Constantinopolim
1880 2234 1907 2296 ad

318 2344 493 2426 principem
523 2346 651 2408 missum
680 2353 736 2421 est,
767 2353 798 2408 ct
827 2365 885 2409 noc
913 2347 957 2408 sic
985 2347 1136 2409 itomanis
1164 2346 1291 2426 plenam
1320 2346 1455 2426 gratiam
1483 2346 1618 2426 largitus
1649 2353 1697 2411 est
1720 2348 1880 2430 imperator.

363 2469 443 2523 188
473 2464 552 2524 Nam
582 2467 654 2542 post
685 2463 754 2524 hmo
783 2463 897 2524 claruit
928 2460 1069 2542 ejusdem
1104 2462 1303 2542 imperatoris
1337 2462 1467 2538 malitia,
1505 2481 1563 2544 pro
1602 2481 1668 2544 qua
1699 2465 1908 2546 persequebatur

317 2577 509 2657 pontificem,
549 2577 595 2638 ita
630 2583 665 2639 ut
699 2578 903 2658 compelleret
937 2595 1048 2639 omues
1082 2577 1388 2658 Constantinopolim
1423 2577 1613 2654 habitantes,
1654 2584 1717 2641 tum
1754 2581 1856 2642 virtuts
1882 2580 1908 2662 (e)

317 2711 478 2773 quamque
508 2692 745 2768 blandimentis,
774 2698 810 2754 ut
837 2694 1043 2774 deponerent,
1075 2692 1255 2773 ubicunque
1283 2692 1487 2768 haberentur,
1517 2695 1674 2775 imagines
1689 2701 1751 2757 tam
1771 2696 1908 2759 Saloutaria

318 2827 477 2890 quumque
507 2809 575 2888 ojus
604 2809 769 2872 Geuitricis
796 2816 913 2872 senctae
951 2811 1000 2871 vel
1037 2809 1178 2870 omnium
1214 2815 1406 2886 sanctorum,
1444 2829 1561 2892 sasque
1592 2811 1624 2873 in
1663 2812 1763 2875 medio
1793 2811 1907 2884 civitatis,

279 2923 406 3003 5quod
434 2924 538 2986 dicore
567 2925 693 2986 crudele
721 2929 779 3000 est,
808 2925 874 3004 igni
913 2930 1100 3001 cremarent,
1132 2930 1164 2988 et
1196 2943 1305 2998 omnes
1338 2925 1523 2988 dealbarunt
1549 2925 1694 3008 depictas
1722 2927 1909 2990 ecclesiasti

319 3039 393 3118 quia
426 3039 569 3118 plerique
605 3057 642 3100 cx
675 3038 815 3118 ejusdem
850 3040 986 3102 ciuitatis
1014 3041 1132 3121 populo
1169 3041 1232 3104 tale
1265 3040 1367 3103 scelus
1402 3041 1471 3103 lieri
1507 3042 1757 3123 praepediebant,
1785 3040 1909 3122 aliquanti

318 3153 421 3233 capite
448 3154 596 3229 truncati,
627 3155 681 3216 alii
709 3161 831 3236 purtem
857 3155 900 3237 (ll
927 3156 1067 3236 corporis
1104 3157 1210 3234 excisi,
1247 3175 1374 3238 poenam
1411 3157 1621 3238 pertulerunt.
1663 3161 1723 3220 Pro
1754 3177 1813 3240 qua
1839 3173 1908 3218 musa

318 3267 411 3330 etiem
441 3269 643 3344 Germanum,
673 3277 789 3333 sanctae
818 3272 1178 3353 Constantinopolitanae
1206 3273 1353 3336 Ecclesia
1378 3259 1564 3348 antistitem,
1595 3293 1632 3337 eo
1664 3275 1787 3356 quodsi
1812 3290 1909 3336 consec·

316 3401 385 3444 sum
415 3383 556 3464 praebere
583 3386 745 3460 noluisset,
774 3387 960 3466 pontificatu
990 3388 1125 3467 privavit
1150 3387 1249 3451 isdem
1275 3387 1458 3468 imperator,
1489 3388 1611 3470 sibique
1641 3391 1820 3472 complicem
1839 3391 1909 3448 luas

256 3499 294 3560 lt)
316 3498 430 3560 tesiam
459 3500 677 3580 presbyterum
703 3501 736 3562 in
766 3501 834 3580 ojus
863 3502 932 3563 loco
962 3501 1005 3582 (q)
1033 3502 1206 3564 oorrstituit.
1238 3501 1298 3575 Oui
1327 3502 1422 3565 missa
1451 3507 1584 3566 Romam
1613 3506 1766 3586 synodica
1793 3502 1899 3566 domtd

317 3611 432 3674 haeresi
460 3632 530 3675 eum
561 3615 808 3677 consentientem
839 3617 1002 3696 reperiret,
1033 3616 1080 3677 vir
1108 3622 1312 3678 sanctaenon
1341 3617 1464 3679 censuit
1490 3636 1563 3680 eum
1591 3620 1722 3683 fratrem
1749 3624 1802 3681 aut
1825 3633 1908 3678 conu-

317 3728 474 3790 ccrdolem
504 3729 596 3792 solito
623 3731 738 3807 vocari,
767 3731 821 3792 scd
851 3731 1010 3812 rescriptis
1039 3731 1286 3794 commonitoriis
1319 3732 1379 3798 nisi
1413 3733 1453 3794 ud
1485 3733 1678 3798 catholicam
1710 3739 1907 3798 converteretur

316 3843 410 3906 fidem
440 3845 534 3907 ctiam
564 3851 721 3908 extorrem
751 3865 770 3907 a
796 3846 985 3910 sacerdotali
1012 3846 1117 3909 oltlcio
1145 3864 1212 3908 esse
1242 3847 1412 3916 mandavit.
1444 3850 1634 3930 imperatori
1661 3869 1783 3933 quoquc
1805 3848 1907 3912 suadens

317 3957 480 4036 salutaria,
512 3966 547 4022 ιιι
575 3979 594 4022 a
625 3961 681 4023 tali
710 3961 894 4023 exsecrabili
921 3961 1047 4023 miseria
1075 3961 1259 4036 declinaret,
1286 3962 1413 4043 seriptis
1433 3965 1640 4028 commonuit.

361 4082 443 4136 188
476 4075 533 4136 Hic
566 4076 641 4137 lecit
676 4076 804 4138 calicem
844 4094 975 4138 aureum
1012 4077 1207 4158 praecipuum
1245 4077 1375 4140 diversis
1410 4085 1556 4142 ornatum
1594 4081 1753 4163 lapidibus
1786 4076 1907 4164 pretiosis,

319 4209 407 4271 pens.
437 4191 492 4252 lib.
524 4175 607 4266 ιιιιιι;
636 4190 779 4252 similiter
804 4197 836 4253 et
864 4196 1012 4271 patenum
1041 4209 1181 4266 auream,
1219 4210 1307 4272 pens.
1336 4193 1390 4256 lib.
1414 4211 1513 4260 xxrru
1542 4200 1573 4258 et
1615 4197 1722 4258 semis.
1751 4195 1803 4258 llic
1840 4189 1907 4252 dimi·

318 4308 359 4367 sit
387 4306 473 4367 omrai
500 4306 594 4380 clero,
625 4307 834 4380 monasteriis,
865 4306 1019 4368 diaconias
1049 4311 1081 4368 ct
1108 4307 1328 4369 mansionariis
1349 4308 1466 4372 solidos
1493 4310 1556 4375 duo
1585 4311 1688 4374 millia
1709 4318 1825 4374 centum
1845 4323 1908 4369 sara·

319 4421 420 4503 ginta,
443 4427 475 4482 ct
496 4421 536 4483 ad
559 4422 733 4484 luminaria
754 4423 846 4484 beati
868 4423 954 4484 Petri
976 4423 1113 4503 apostoli
1136 4424 1253 4484 solidos
1274 4423 1359 4485 urile.
1382 4425 1438 4487 llic
1459 4426 1530 4487 lecit
1552 4427 1765 4490 ordinationes
1790 4423 1905 4506 quinqua,

319 4538 468 4600 diaconos
498 4544 645 4618 quatuor,
682 4539 846 4618 episcopos
874 4557 931 4619 per
954 4539 1080 4604 diversa
1107 4538 1177 4600 loca
1202 4544 1328 4602 centum
1361 4540 1784 4621 quirrquagiote.Quietiam
1798 4537 1906 4619 sepultas

320 4658 367 4716 est
395 4654 434 4716 ad
461 4654 588 4716 beatum
616 4655 744 4716 Petrum
772 4655 949 4734 apostolum
977 4655 1036 4715 sub
1064 4653 1115 4716 die
1143 4671 1178 4716 111
1207 4656 1280 4717 ldus
1308 4656 1482 4732 Februarii,
1513 4658 1548 4720 ln
1575 4659 1651 4721 dict.
1681 4675 1741 4735 xm,
1769 4661 1856 4718 Leone
1881 4655 1902 4710 st
1967 4735 1968 4746 ἵ

320 4767 525 4830 Constantino
555 4769 808 4850 imperatoribus.
840 4772 880 4832 Ει
908 4771 1040 4834 cessarit
1073 4771 1272 4853 episcopatus
1298 4771 1365 4834 dies
1393 4772 1534 4854 quinque
1562 4793 1701 4837 mensem
1730 4787 1828 4836 unum.

832 4939 956 4985 NOTlilAE
978 4939 1171 4986 uuuuluacas
1192 4939 1347 4986 succurri.

276 5071 313 5137 (a)
329 5067 491 5150 cumomni
508 5086 560 5125 suo
576 5069 712 5127 exercitu.
757 5072 795 5144 (tr)
811 5071 946 5130 lrunillas
968 5073 1027 5130 sire
1047 5073 1079 5130 B.
1099 5072 1301 5131 armillariorn.
1341 5073 1375 5148 (a)
1391 5074 1657 5140 ltlautuuriuucnse.
1673 5076 1705 5136 C.
1721 5075 1901 5152 Mqturaccusc·

239 5139 454 5214 (d)Bleraan.
485 5141 572 5212 (clvi.
602 5141 897 5216 (ssinaliquoparte.
928 5143 1090 5218 (qllooum.

916 5287 1037 5344 VAlilAE
1055 5287 1263 5346 bucularius,

494 5399 536 5454 liu
550 5398 639 5455 codice
653 5401 819 5458 Forrrasiano
1077 5405 1224 5476 Abardos
1239 5421 1313 5478 pene
1328 5408 1472 5462 trecentos
1488 5421 1556 5462 oum
1571 5423 1671 5465 eorum
1690 5397 1822 5460 Castuldio
1834 5395 1900 5450 inter
1967 5377 1968 5414 ι

275 5545 357 5598 Νιι-ιιι.
375 5541 436 5607 t77,
453 5544 494 5599 liu
510 5542 535 5608 l,
554 5542 629 5598 sedit
642 5559 734 5598 annos
760 5561 807 5610 ιιι,
822 5559 905 5599 mens
925 5561 984 5612 ιἰιι,
1001 5545 1063 5602 dias
1120 5478 1313 5613 lsqpppptiffi,
1325 5549 1394 5606 tirsi
1410 5547 1489 5604 liuxt)
1505 5550 1655 5608 Parsiccta.

238 5630 304 5672 ιιιιιιι
321 5630 327 5668 ι
342 5622 403 5684 prosc
415 5630 514 5684 perraros
529 5631 622 5670 corsua
638 5615 667 5670 iu
682 5613 745 5672 dod.
762 5615 871 5680 Frrrnas,
884 5617 992 5672 Folium
1018 5621 1061 5673 in·
1152 5625 1235 5675 lta-m.
1253 5619 1314 5687 ldd,
1330 5621 1375 5676 tia
1390 5621 1415 5682 l,
1430 5635 1605 5692 persuasum
1620 5600 1898 5690 nasammonas

239 5693 345 5754 tearum
359 5683 440 5740 deest.
1117 5689 1189 5746 laur.
1206 5692 1248 5748 tin
1262 5692 1290 5758 5,
1305 5691 1452 5750 antelatus
1463 5692 1601 5753 emittens
1611 5685 1896 5766 Langobardorum&

274 5756 355 5811 llum.
376 5757 545 5822 181,tinul.
562 5760 1060 5834 repatriaturoscarrarasalunga·
1116 5762 1154 5819 lin
1171 5762 1213 5831 19,
1231 5765 1735 5835 speramusqueansemdeaureus
1857 5767 1866 5798 ⁸
1967 5755 1968 5820 i
