4040 6170
119 196 195 260 sse
544 191 727 255 merome
749 141 807 254 nn
823 190 924 256 mois
946 191 1040 254 neu.
1063 191 1180 258 noun.
1197 223 1236 242 ι
1249 197 1324 259 une
1346 195 1397 259 111.
1744 198 1828 264 taes

188 329 300 384 etcum
315 337 423 398 migne
437 323 547 382 honore
562 328 721 398 susceptus
736 323 850 394 inisset,
867 324 935 382 tecit
949 324 1126 386 inenmdem
1141 326 1295 386 ecelesiam
1319 329 1491 404 magicam
1515 329 1751 408 archiepiscopos
1772 349 1825 394 seu

190 424 358 498 episcopos,
371 422 493 484 sbbstes
521 425 553 480 et
579 437 696 480 omnem
721 421 904 480 nobilitatem
935 425 1115 484 Francorum
1143 429 1232 498 etque
1258 425 1470 498 Romanorum.
1496 433 1527 488 st
1554 429 1692 488 sedsetea
1717 431 1830 504 pariter

151 526 250 582 sum
265 538 393 596 magnus
408 537 458 578 rex
476 537 565 594 quam
590 520 781 577 beatissimus
805 521 947 594 penliiem
961 522 1092 580 iecerunt
1114 523 1242 582 residere
1265 529 1297 582 et
1319 525 1526 585 sanctissimos
1547 527 1782 602 mebirpisoopes
1797 533 1828 587 et

191 621 323 692 chucus,
337 616 487 678 amnuens
508 617 634 692 reliquis
660 619 863 676 sacerdotibus
891 625 921 676 et
946 619 1139 694 optimatibus
1168 623 1356 694 Francorum,
1374 627 1403 679 et
1428 613 1641 692 Romanorum,
1657 629 1693 684 ut
1703 625 1829 686 erimina

189 733 255 790 que
270 718 411 776 eduarsu*⁸
426 715 539 774 almum
554 716 724 790 pontificem
738 717 816 776 dicti
840 717 969 786 lucrant,
983 718 1165 776 declinarent
1177 723 1227 792 (a).
1243 719 1298 788 Qui
1314 719 1446 778 universi
1468 720 1692 796 umisptmepz,
1706 727 1736 782 et
1748 723 1827 798 epis·

190 813 266 888 copi,
282 818 312 872 et
324 815 445 872 abbates
465 813 643 871 unanimiter
668 814 831 885 audientes,
846 815 983 873 dixerunt
999 817 1079 874 :Nes
1102 818 1202 876 sedem
1225 817 1433 892 apostolicam,
1443 833 1508 890 que
1523 823 1569 876 est
1582 825 1671 894 eaput
1694 821 1829 880 emnium

190 912 242 970 liei
258 910 612 985 lteolesierum,judioare
628 929 687 970 non
702 913 864 984 eudemum
881 930 951 970 nam
965 913 1085 988 abipsa
1107 931 1162 972 nos
1185 931 1289 974 omnes
1310 919 1341 972 et
1363 914 1470 974 riseris
1492 932 1546 974 suo
1568 916 1750 990 iudicamur,
1765 918 1831 993 ipss

135 1012 173 1070 to
192 1015 292 1070 sutem
304 1027 325 1070 a
337 1009 454 1068 nemine
465 1010 627 1082 iudicatum,
644 1011 894 1084 quemadmodum
909 1015 939 1068 et
952 1011 1113 1086 antiquiore
1130 1029 1195 1070 mos
1210 1013 1286 1070 init:
1303 1013 1355 1072 red
1370 1012 1451 1072 sieut
1466 1012 1534 1087 ipse
1552 1029 1689 1074 summus
1702 1016 1830 1090 pontifex

190 1106 350 1176 censuerit,
363 1107 506 1168 senonice
517 1107 700 1168 obediemus.
714 1104 898 1168 Venerabilis
910 1125 979 1168 vere
994 1109 1102 1183 presul
1116 1109 1232 1184 inquit:
1244 1111 1497 1170 predecessorum
1510 1127 1645 1170 meorum
1655 1113 1828 1187 poetiltcum

192 1204 316 1280 vestigia
330 1221 445 1278 sequor,
462 1211 492 1264 et
506 1204 667 1266 dotalibus
681 1205 766 1266 salsis
778 1205 1046 1274 criminationibus.
1061 1223 1126 1282 qum
1139 1223 1228 1282 super
1243 1224 1290 1264 me
1310 1207 1451 1282 nequiter·
1470 1215 1653 1280 amrmruat,
1667 1227 1716 1268 mr
1727 1211 1831 1286 perill-

193 1321 260 1364 eare
274 1308 396 1377 paratus
411 1319 489 1362 sum.

229 1403 306 1461 m
325 1401 390 1460 etia
403 1419 472 1460 vero
486 1401 533 1458 die
548 1401 690 1460 iocedcm
705 1400 830 1460 ecclesio
841 1401 918 1460 baeti
934 1401 1011 1458 Petri
1026 1401 1162 1476 apostoli,
1178 1419 1245 1462 oum
1261 1419 1364 1462 omnes
1378 1405 1516 1464 edussat
1527 1406 1704 1480 semidiem
1717 1408 1831 1466 arehie-

192 1499 305 1575 pisrepi
320 1516 372 1559 ssu
387 1498 516 1574 episcopi
530 1503 561 1557 ct
574 1499 709 1568 ebbatss,
723 1504 753 1558 et
765 1516 868 1560 omnes
881 1499 985 1560 Franci
998 1500 1050 1574 qui
1073 1499 1103 1558 in
1129 1501 1248 1560 seruitio
1271 1503 1408 1576 eiusdem
1429 1503 1530 1578 magni
1555 1503 1634 1578 regis
1657 1505 1831 1576 susteatet

193 1598 291 1658 eunoti
303 1597 437 1668 Romani,
454 1596 484 1654 in
499 1598 601 1656 eadem
617 1596 741 1656 ecclesio
764 1596 843 1656 beati
868 1597 946 1656 Petri
972 1597 1108 1673 apostoli,
1125 1598 1156 1656 in
1181 1616 1283 1658 eorum
1307 1600 1471 1674 presentia,
1488 1601 1670 1675 emplee'eus
1692 1603 1831 1677 mustus

192 1695 368 1758 vesersbilis
382 1695 512 1770 perutiles
525 1699 630 1753 saneta
642 1693 750 1754 Christi
765 1699 892 1770 quatuor
904 1695 1062 1770 euangelia
1074 1713 1174 1754 ceram
1188 1697 1327 1756 omnibus
1351 1699 1483 1756 aseendit
1501 1698 1534 1758 in
1547 1700 1715 1769 ambonem,
1730 1704 1762 1758 et
1774 1701 1830 1758 sub

153 1794 382 1869 ejecturarum
399 1791 479 1850 olera
492 1810 561 1852 roeo
575 1793 650 1849 dixit
664 1810 674 1850 ε
687 1793 761 1860 ecia
775 1792 892 1852 deictis
906 1793 989 1852 salsis
1004 1793 1188 1864 criminibus,
1205 1811 1270 1870 qum
1284 1812 1374 1870 super
1393 1811 1442 1854 me
1463 1796 1673 1870 imposuerant
1694 1797 1829 1865 mmsis,

195 1892 245 1966 qui
260 1891 361 1964 inique
375 1908 425 1948 ms
437 1890 583 1965 persecuti
599 1894 680 1962 sunt,
695 1889 852 1948 seientiam
865 1907 924 1948 nen
937 1891 1042 1960 habeo,
1058 1908 1112 1950 nce
1134 1891 1206 1950 talis
1228 1892 1323 1967 egisse
1347 1910 1395 1952 me
1417 1909 1571 1968 cognosco.
1587 1895 1690 1953 ittbee
1712 1899 1830 1969 peracte

197 2007 305 2048 omnes
314 1988 542 2063 archiepiscopi,
554 1987 685 2064 episcopi
699 1991 729 2046 et
742 1989 874 2058 meaos,
891 1991 920 2046 et
935 1988 1033 2048 cuncti
1049 1988 1146 2048 cleriei
1161 1989 1272 2048 letania
1285 1991 1373 2060 laets,
1387 1990 1492 2048 laudm
1504 1991 1649 2050 dederuut
1662 1991 1722 2050 Deo
1744 1997 1831 2066 etque

196 2088 247 2146 Dei
260 2085 399 2146 iieaitriei
415 2083 591 2160 semperque
603 2086 710 2161 virgini
726 2087 837 2158 iterim,
851 2086 976 2148 domine
990 2091 1108 2154 nostre,
1124 2091 1153 2144 et
1168 2087 1253 2146 besto
1268 2092 1356 2148 Petro
1368 2087 1575 2162 epestotorum.
1592 2087 1717 2164 principi
1733 2089 1831 2147 omnl-

193 2186 311 2260 busque
323 2184 435 2244 ssneiis
450 2183 511 2242 Dei

229 2284 308 2341 m
322 2286 393 2340 Post
406 2282 467 2339 hec
482 2281 653 2339 adveniente
663 2281 709 2340 die
724 2281 814 2340 natali
828 2281 945 2340 Domini
960 2282 1053 2340 nestri
1068 2281 1140 2340 lesu
1154 2281 1307 2354 christiin
1317 2283 1383 2356 jam
1402 2283 1483 2342 diota
1503 2284 1630 2344 basilios
1650 2284 1728 2344 besti
1752 2287 1832 2346 Petri

195 2379 320 2455 apastoli
334 2397 438 2438 omnes
453 2380 561 2438 iterum
575 2379 744 2454 congregati
759 2383 871 2446 suntet
885 2383 958 2436 tuno
970 2379 1146 2437 uenerabilis
1160 2379 1307 2438 nlmidous
1321 2380 1451 2453 pentiien
1472 2381 1613 2440 manibus
1630 2381 1697 2442 εὑ
1705 2381 1832 2457 propriis

195 2477 410 2552 pretiosissima
424 2477 576 2536 serenavit
586 2476 798 2550 eumibissiuoe
812 2476 941 2534 universi
958 2474 1060 2534 iideles
1072 2476 1342 2546 Romni‚videntea
1356 2481 1470 2534 tentam
1486 2477 1688 2538 detonsionem
1700 2484 1729 2538 et
1743 2479 1834 2538 dilee-

195 2578 306 2634 tionem
321 2593 411 2648 quum
426 2591 497 2649 erga
510 2580 644 2632 sanctam
659 2575 821 2633 itomanam
837 2574 998 2632 Ecclesiam
1013 2579 1042 2631 et
1056 2575 1122 2645 ejas
1135 2573 1276 2632 vicarium
1292 2574 1406 2646 babuit,
1423 2575 1605 2637 unammiter
1628 2576 1834 2636 altiaoasvoce

155 2675 178 2732 5
194 2674 245 2734 bct
262 2678 335 2732 nutu
351 2677 440 2746 etque
454 2672 530 2730 hecti
548 2673 626 2730 Petri
638 2671 775 2746 clavigeri
791 2672 872 2747 regni
897 2671 1038 2730 emiorum
1061 2672 1296 2730 exclamaverunt
1311 2687 1319 2727 z
1336 2673 1434 2732 caree
1455 2674 1585 2746 piissimo
1613 2677 1766 2744 inorme
1780 2675 1833 2734 Deo

194 2779 334 2842 cererem,
347 2787 461 2842 moesot
471 2771 586 2844 poetice
600 2772 770 2843 enmretari,
782 2772 840 2828 uite
852 2777 882 2828 et
892 2771 1018 2828 victorie
1030 2770 1150 2842 (eleme
1163 2785 1278 2828 sacram
1291 2768 1504 2830 confessionem
1519 2769 1599 2828 baeti
1613 2771 1692 2830 Petri
1705 2771 1832 2846 apmteli

196 2869 296 2943 pluras
310 2872 430 2928 sanctes
444 2867 793 2934 momentaneamque
806 2873 894 2942 estet
908 2869 944 2926 ab
961 2866 1100 2926 omnibus
1113 2867 1291 2925 constitutus
1305 2871 1350 2926 cst
1362 2867 1522 2941 imperator
1536 2868 1829 2928 emmeramum

196 2967 407 3026 mnetimimrs
420 2966 546 3025 emtistes
558 2969 588 3024 et
601 2965 731 3039 pontisera
746 2965 832 3024 rtnxit
844 2965 907 3024 else
921 2969 1023 3024 sancte
1039 2964 1185 3034 carolum,
1200 2970 1231 3022 et
1245 2964 1524 3024 excellentissimum
1538 2964 1640 3028 lilium
1647 2966 1713 3040 ejus
1720 2981 1831 3042 regem

195 3065 227 3122 in
241 3065 307 3140 ipso
320 3064 367 3122 die
383 3064 497 3124 lietalis
510 3062 629 3122 Domini
644 3062 737 3122 rostri
752 3063 824 3122 lesu
835 3063 957 3130 Christi„
967 3065 998 3122 et
1009 3063 1102 3122 misse
1116 3066 1233 3136 pernota
1247 3067 1315 3136 post
1325 3063 1558 3122 celebrationem
1571 3063 1737 3129 missarum
1745 3065 1832 3126 rbtu·

142 3163 181 3220 to
202 3163 237 3220 lit
246 3161 311 3236 lpse
325 3162 535 3220 serenissimus
548 3161 675 3220 domnus
689 3159 849 3234 imperator
863 3177 997 3218 mnsam
1011 3163 1182 3235 argenteam
1195 3175 1262 3218 eum
1278 3160 1403 3233 pedibus
1416 3160 1490 3230 suis,
1504 3177 1625 3235 pensan.
1642 3160 1737 3222 bor...

233 3261 308 3322 811
326 3261 382 3317 Sed
398 3263 427 3316 et
441 3259 471 3316 in
486 3259 669 3320 contencione
684 3259 819 3332 eiusdem
833 3258 884 3316 Dei
899 3257 1023 3331 apostmi
1038 3257 1144 3316 obtulit
1159 3275 1220 3316 une
1231 3274 1299 3316 oum
1314 3257 1587 3331 precellentissimi
1594 3259 1718 3319 liliosue
1728 3266 1834 3335 regest

196 3358 314 3418 iiiiabus
325 3358 441 3416 diuersa
453 3373 523 3414 uass
536 3373 655 3417 moure
671 3355 830 3429 purissime
844 3355 876 3412 ia
889 3355 1051 3414 ministerio
1067 3354 1163 3428 ipsius
1186 3371 1306 3426 mensa,
1321 3371 1443 3428 perenm
1460 3353 1551 3414 libr...
1567 3357 1618 3414 sed
1642 3360 1671 3415 et
1693 3373 1830 3416 emonam

196 3473 397 3516 wmmcum
410 3453 715 3529 gemmismm'oribus
730 3470 794 3526 qum
810 3453 916 3526 pendet
936 3469 1026 3526 super
1049 3452 1151 3522 altare,
1167 3469 1290 3526 pensan.
1305 3452 1396 3512 libras
1410 3452 1629 3528 quinqmqinte
1639 3453 1833 3527 quiaqpe;.et

194 3558 332 3628 munem
347 3569 469 3610 auream
484 3553 625 3625 meq‘orem
641 3568 711 3610 cum
724 3550 853 3626 gemmis
866 3549 1001 3620 dirersis,
1014 3566 1138 3623 pensan.
1152 3549 1242 3610 libras
1257 3549 1397 3624 triginta3
1409 3555 1441 3607 ct
1453 3549 1579 3610 euticam
1599 3552 1742 3624 maiorem
1763 3568 1832 3610 eum

155 3655 177 3710 5
193 3651 321 3727 gemmis
333 3655 364 3708 et
378 3649 461 3710 ansis
474 3650 603 3718 duabus,
617 3666 740 3722 pensan.
756 3647 850 3706 libras
861 3648 1076 3723 qninquaginta
1091 3652 1173 3718 octo;
1187 3647 1259 3706 item
1275 3647 1396 3706 calicem
1420 3650 1563 3720 maiorem
1587 3649 1744 3710 fundatum
1757 3665 1832 3708 oum

192 3749 355 3824 seppbone,
365 3765 487 3823 pensam
504 3747 594 3806 libras
609 3746 731 3822 triginta
743 3729 773 3804 et
787 3751 918 3820 septem;
934 3747 995 3804 ime
1006 3751 1035 3802 et
1049 3745 1141 3804 edum
1156 3745 1277 3804 calicem
1286 3747 1428 3818 meterem
1439 3746 1832 3820 tundatnm‚panssn.tiorac

191 3846 314 3921 triginta
326 3851 356 3904 et
369 3863 430 3904 sex.
446 3845 564 3904 Obtulit
574 3849 607 3904 et
618 3861 708 3918 super
722 3843 957 3902 merabsaimum
973 3843 1066 3900 altere
1080 3844 1157 3901 beati
1176 3842 1250 3902 Petri
1265 3843 1403 3916 apostoli,
1416 3841 1476 3901 ime
1501 3847 1533 3900 et
1553 3843 1585 3902 ia
1609 3843 1731 3904 basilios
1753 3845 1831 3902 beati

191 3943 276 4002 Pauli
289 3943 427 4018 spectati,
440 3959 579 4002 mensam
591 3947 762 4017 argenteam
775 3941 919 4000 minorem
934 3957 1006 3998 eum
1017 3940 1142 4015 pedibus
1153 3939 1445 4013 temperantium
1455 3940 1674 4016 quiaquemute
1685 3942 1830 4016 quiaque,

191 4059 262 4100 eum
276 4041 399 4098 diuersis
412 4041 491 4101 vasis
507 4041 654 4116 argenteio
668 4040 753 4097 mire
767 4038 983 4114 magnitudinis
997 4054 1060 4113 que
1076 4039 1113 4096 ed
1128 4055 1216 4096 usum
1232 4035 1329 4112 ipsius
1341 4053 1449 4098 mense
1465 4037 1628 4112 pertinent·

227 4141 304 4197 818
322 4140 393 4196 Item
409 4139 439 4195 in
454 4139 577 4197 basilice
592 4138 749 4197 Salveteris
764 4135 882 4195 Domini
897 4136 991 4194 nestri
1005 4137 1079 4194 iesu
1089 4135 1209 4208 Christi,
1225 4151 1318 4209 quem·
1325 4135 1830 4207 Constantiniaeamivoeentobtulit

189 4253 307 4298 erucem
320 4253 390 4296 eum
400 4237 526 4312 gemmis
539 4233 1006 4312 hyacinthinisqusmalmilicus
1017 4234 1147 4308 pontifex
1161 4233 1192 4292 in
1207 4233 1488 4307 letsaiepreoeicre
1496 4233 1828 4304 constituitmndum

191 4335 366 4408 petitionem
379 4334 474 4410 ipsius
488 4333 616 4410 piissimi
629 4333 832 4407 imperatoris3
847 4333 908 4390 imo
932 4336 961 4390 et
983 4331 1077 4390 sltnre
1099 4347 1170 4388 eum
1192 4331 1339 4390 colomnis
1361 4331 1517 4406 srgenteist
1533 4332 1705 4407 stephanie·
1719 4333 1828 4392 lterum

189 4434 279 4490 ctiam
294 4439 323 4490 ct
333 4432 526 4507 stengelium
539 4449 573 4490 ex
588 4448 659 4491 auro
674 4429 883 4500 mundissime,
898 4447 964 4488 eum
981 4429 1108 4504 gemmis
1122 4433 1273 4499 ernetemt
1286 4445 1410 4502 pensem.
1423 4427 1516 4490 libr...
1532 4429 1605 4491 item
1620 4434 1650 4488 et
1663 4429 1697 4488 in
1707 4431 1829 4492 beu'lica

152 4531 172 4588 5
190 4531 281 4588 ueta
294 4530 347 4588 Dei
361 4529 518 4588 Genitricis
532 4529 630 4586 Meris
647 4529 687 4586 nd
711 4529 844 4602 Presepe
867 4527 975 4586 obtulit
998 4527 1074 4586 sicia
1095 4530 1234 4600 argentea
1253 4527 1377 4600 majore,
1392 4541 1515 4601 pensan.
1530 4527 1624 4588 libr.w
1636 4530 1828 4588 Postmodum

188 4641 257 4686 rere
270 4627 346 4686 dum
356 4627 477 4686 deducti
492 4627 618 4686 tuissent
631 4626 813 4700 iniquissimi
828 4625 870 4684 iiii
888 4624 1239 4693 mdatceteresmdcticct
1252 4623 1403 4682 Pescbalis
1416 4641 1486 4682 eum
1498 4625 1678 4700 tampulost
1688 4639 1829 4702 nequem

189 4739 303 4795 eorum,
318 4724 351 4782 in
363 4725 520 4800 presentia
532 4725 660 4798 piissimi
672 4724 776 4782 domni
790 4723 988 4799 imperatoris,
1003 4723 1265 4782 circumstantibus
1273 4722 1469 4782 nobilissimis
1478 4723 1598 4782 urmes
1608 4725 1829 4794 summumst

189 4822 328 4880 omnibns
342 4823 588 4899 exprobrantibus
603 4824 640 4880 de
653 4821 740 4880 malis
755 4823 886 4905 ipsorum
895 4820 1027 4878 consiliis
1035 4819 1638 4895 etoperstieuibusinerepebattiempulus
1646 4821 1829 4892 Pasebalem,

188 4919 311 4978 dicendo
323 4939 329 4978 ι
343 4921 423 4980 ldsla
435 4921 509 4978 hora
523 4920 626 4980 faeiem
642 4924 723 4978 tuem
737 4919 846 4976 uidiee
860 4919 939 4994 quod
953 4922 1024 4976 tune
1039 4936 1086 4976 me
1099 4917 1207 4976 misisti
1218 4917 1249 4974 in
1258 4917 1339 4976 istud
1349 4917 1671 4991 periculummtcmteri
1680 4921 1828 4993 similiter,

135 5019 170 5074 te
189 5035 270 5076 ianus
281 5018 412 5078 alterum
423 5020 633 5088 condemnans,
647 5007 876 5076 menitestahent
890 5017 954 5076 suis
977 5018 1108 5092 ipsorum
1133 5020 1243 5074 restes.
1259 5019 1290 5084 0¹
1305 5015 1316 5074 i
1336 5017 1409 5074 dum
1430 5020 1492 5074 tem
1515 5018 1649 5076 orudeiss
1664 5025 1694 5078 et
1709 5021 1828 5094 iniquos

189 5115 347 5190 piissimus
358 5117 520 5192 imperator
532 5117 726 5192 cognovisset,
742 5115 773 5172 in
787 5113 925 5172 exsilium
936 5115 965 5172 in
981 5114 1116 5188 partibus
1131 5113 1259 5172 Francis
1276 5114 1368 5174 misit.
1384 5115 1525 5174 Pumiatms
1538 5131 1607 5174 veno
1620 5116 1827 5176 metiuimm

189 5213 321 5288 perdica
331 5216 418 5288 juste
431 5215 585 5274 eeclesiam
600 5213 678 5272 beati
692 5211 768 5270 Petri
783 5212 908 5285 apostoli
923 5211 991 5270 lecit
1006 5212 1037 5268 in
1051 5210 1185 5270 triclineo
1198 5211 1302 5285 maiori
1317 5213 1400 5272 mire
1413 5213 1645 5286 petebritudinis
1661 5215 1826 5272 deeoratm

191 5310 326 5368 obsidem
341 5313 377 5369 de
393 5313 507 5370 musivo
522 5316 701 5382 ornatam-,et
714 5308 833 5368 absides
847 5309 922 5368 dues
937 5310 1039 5368 dextra
1051 5308 1181 5384 leveque
1195 5326 1285 5383 super
1298 5326 1446 5370 manmote
1459 5309 1826 5385 superimminentem

191 5407 447 5484 stinpsvimento
460 5406 789 5483 marmereisexemplis
803 5407 913 5477 stratis,
929 5424 997 5466 eum
1017 5407 1129 5465 ceteris
1152 5406 1260 5483 amplis
1283 5408 1427 5479 edificiis,
1441 5414 1504 5468 tem
1526 5408 1557 5466 in
1580 5405 1824 5476 mecumtecum,

711 5575 839 5627 sorotis
858 5573 1051 5624 supernatus
1071 5571 1233 5623 senserit.

152 5721 247 5792 esua
261 5722 472 5784 meat.
509 5721 701 5796 (temdum
714 5722 865 5798 mgnum.
903 5721 940 5797 (c)
956 5719 1349 5782 sustentationem.
1389 5763 1392 5770 .
