4036 6164
190 216 260 286 m.
768 208 1312 308 anasrssnaremorsacsan
1575 207 1580 216 ·
1816 223 1876 288 ue

189 351 290 408 uuus
307 347 425 408 mdam
448 345 621 416 calumnias,
638 351 667 404 et
691 345 874 405 falsariorum
899 346 1013 404 fabulas
1027 349 1054 416 Α
1432 343 1537 403 PAGll.

189 417 340 480 deniare:
355 439 419 495 quea
435 420 583 495 negotium
599 419 723 476 subinde
736 419 1010 476 facesserentotiam
1103 419 1192 474 Linea
1204 421 1231 474 7.
1245 449 1278 460 -
1294 419 1326 474 m
1349 419 1417 490 quio
1439 419 1527 474 notaui
1549 419 1651 476 occulte
1674 435 1791 480 revocure
1809 427 1867 484 lou-

189 493 318 568 pulitiori
333 494 409 551 atati
424 495 460 551 ad
475 491 592 550 easdem
611 492 804 548 secernendos
819 491 855 548 ab
872 490 1012 547 historica
1064 491 1148 560 cium,
1160 495 1214 546 cte.
1226 490 1291 562 lpso
1302 489 1346 545 sui
1359 489 1548 561 pontificatus
1558 489 1869 559 initio,utbnastasium

189 563 320 624 varitate.
1066 561 1270 634 imperatorem
1286 561 1322 616 ab
1337 560 1440 616 haeresi
1457 562 1492 617 ad
1510 561 1658 618 meliorem
1678 571 1797 622 mentem
1812 585 1869 626 avo·
1981 565 1982 570 ’

226 638 289 696 an
301 639 353 695 aba
367 645 401 692 re'
411 634 478 691 duxi
490 633 641 691 occasione
652 633 765 690 dissidii
779 633 922 690 litteratos
936 632 1012 688 inter
1065 636 1153 700 caret,
1174 633 1352 688 Germanum
1372 632 1410 688 Ga
1434 649 1553 701 nanum,
1571 637 1599 690 ot
1623 633 1800 694 cresconium
1813 639 1870 696 arr·-

191 710 303 767 suborti
315 723 402 781 snper
411 705 657 779 gestisrtnastasii
666 723 754 778 quam
765 710 883 778 captant
893 704 1012 777 scripto·
1065 703 1218 759 dontinum
1232 704 1395 777 episcopos,
1407 649 1688 778 Eonsuntinopotim
1703 707 1870 768 adeumdem

191 781 340 840 r'es'aetatis
350 783 454 834 nostra
468 777 497 832 in
516 778 593 834 notis
604 777 637 832 D.
647 777 726 833 arob.
739 776 883 833 Sommier
897 793 1011 832 memo-
1064 773 1270 846 imperatorem
1286 773 1398 847 legatos
1413 775 1502 846 misit,
1518 793 1584 832 cum
1601 775 1721 860 epistola
1735 780 1768 835 ad
1783 780 1871 862 ipsum

192 854 292 921 rati,et
301 851 337 906 ab
346 849 447 905 eodem
458 847 562 904 validis
573 848 735 904 rationibus
746 847 872 916 refutati,
883 847 1011 903 indicare
1065 847 1143 912 data,
1158 863 1217 916 qua
1230 847 1356 918 petebat,
1365 852 1396 901 ut
1411 864 1517 903 nomen
1532 847 1639 915 Aeacii,
1651 850 1873 936 Constantinopo-

191 924 301 980 fentem
316 921 460 976 mendosae
480 919 560 976 illius
576 920 772 1002 scaturiginis,
791 920 868 974 unde
886 917 1012 974 rivulum
1065 917 1148 973 litani
1159 919 1308 988 quondam
1319 918 1458 990 episcopi,
1471 923 1552 974 entra
1564 919 1695 976 Ecclesiae
1707 937 1873 980 communio·

191 990 374 1058 desaevitis
390 991 439 1064 qui
461 991 534 1048 Vitae
552 992 699 1047 Anastasia
714 992 739 1047 ll
754 991 945 1064 incongruam
963 1006 1011 1062 pc·
1067 1005 1134 1044 nem
1145 989 1285 1053 defuncti,
1297 1003 1331 1045 cx
1346 989 1492 1062 diptychis
1511 989 1597 1063 plane
1617 997 1830 1065 expurgaretur.
1845 995 1876 1051 Ut

191 1063 308 1122 riocbon
331 1062 454 1119 inseruit
466 1062 502 1118 do
516 1062 708 1136 propensione
731 1062 902 1119 connivendi
926 1078 1014 1187 suqier
1066 1059 1278 1116 Alexandrinos
1288 1067 1419 1117 moneret
1434 1060 1638 1134 imperatorad
1651 1062 1735 1119 fidem
1746 1063 1876 1122 sinceram

190 1133 360 1192 recitatione
388 1134 516 1190 nominis
542 1133 650 1191 Aeacii.
676 1135 751 1190 Tum
784 1133 835 1190 illa
866 1133 1012 1205 periocra,
1067 1137 1096 1188 et
1110 1131 1147 1187 ad
1163 1147 1264 1204 pacem
1289 1131 1382 1188 redire
1397 1132 1588 1201 catlaolicam3
1606 1147 1696 1206 eaque
1719 1135 1878 1192 admonetur

190 1209 255 1262 tum
272 1205 461 1332 similesque
486 1205 643 1278 aliquando
667 1205 850 1278 interspersa
876 1205 1014 1276 leguntur
1067 1201 1236 1275 imperator,
1248 1207 1281 1258 ut
1295 1203 1463 1258 constitutis
1478 1203 1644 1272 apostolica
1660 1203 1737 1261 sedis
1749 1207 1879 1280 obtempe
1981 1201 1982 1206 '

189 1275 281 1334 textui
297 1271 402 1332 Bibliot
424 1276 511 1332 ecarii
530 1281 688 1349 potuerunt
702 1275 915 1333 inconsiderato
930 1279 1014 1331 tran·
1068 1279 1121 1330 rot.
1134 1273 1165 1329 ln
1180 1275 1333 1346 proposito
1348 1273 1397 1330 illo
1421 1274 1555 1347 piissimo
1569 1274 1644 1331 nihil
1658 1276 1752 1332 effecit
1772 1285 1878 1335 sanans
1981 1313 1982 1316 =

190 1347 279 1406 scribi
295 1365 333 1404 ex
343 1348 515 1422 fragmentis
528 1347 662 1405 codicum
676 1347 943 1404 vetustissimorum
956 1349 1015 1415 (cu-
1068 1343 1205 1418 pontifex,
1219 1361 1287 1400 nam
1302 1345 1470 1418 imperator,
1483 1345 1610 1403 detentis
1624 1345 1722 1404 dolose
1732 1347 1879 1405 Constanti·

186 1419 320 1506 jusmodi
340 1424 386 1476 ost
410 1419 457 1476 bic
472 1419 648 1476 Veronensis
692 1435 759 1475 uem
784 1418 1016 1490 attulimus)per
1068 1415 1652 1492 nopolilegatis,perfraudcmetdolum
1669 1425 1878 1494 magnoconatu
1981 1463 1982 1470 ,

190 1491 259 1550 rats
277 1489 438 1564 prasertim
462 1495 572 1560 aetates,
599 1507 662 1563 quae
672 1437 859 1546 sbaborabant
881 1489 1016 1546 barbarie
1069 1487 1236 1557 elaboravit,
1250 1489 1395 1561 utipsum
1410 1489 1576 1545 Romanum
1592 1489 1880 1563 pontificem,adsub

189 1563 224 1620 in·
236 1564 327 1620 bonas
342 1566 419 1618 artes
440 1563 562 1630 invecta,
580 1567 608 1618 ct
624 1562 818 1646 infrequentia
842 1562 1014 1634 peritorum,
1069 1559 1257 1616 scribendum
1272 1560 1395 1616 Zenonis
1411 1560 1550 1617 Henetioo
1565 1560 1726 1618 induceret.
1981 1589 1982 1596 .

191 1634 242 1708 qui
263 1633 525 1708 possentmutilas
551 1633 721 1705 hujusmodi
743 1631 1017 1699 cbartna,tituloct
1106 1630 1242 1696 Quamin
1260 1645 1321 1687 rem
1343 1637 1579 1714 ususestopera
1604 1632 1878 1704 festi-ejusdemse·
1981 1643 1982 1684 ὲ

191 1709 310 1764 auctore
325 1709 466 1773 carentes,
479 1723 546 1761 cum
560 1705 707 1762 veracium
724 1705 898 1777 scriptorum
914 1719 1018 1760 monu-
1070 1701 1181 1758 satoris
1197 1702 1330 1769 Romani,
1364 1702 1392 1758 ui
1409 1702 1555 1760 obcivilia
1571 1703 1705 1776 quadam
1721 1703 1880 1778 negotiari

191 1777 299 1836 mentis
320 1777 502 1856 conterreat
523 1777 612 1850 probe
635 1776 815 1849 dignoscere,
833 1791 904 1831 num
921 1793 937 1832 a
953 1791 1014 1830 cor·
1070 1719 1360 1830 habet'fheodorussb

1360 1773 1881 1832 cotorlib.siliistocelesiastadim·
1981 1827 1982 1830 ,

191 1847 659 1920 datisviris,acstudi‘epartium
676 1847 1015 1918 nonlaborantibua‚an
1070 1849 1232 1918 paratorum
1245 1844 1432 1902 Anastasium
1449 1846 1880 1918 missuafavorccjusdemim·
1981 1881 1982 1884 =

191 1920 289 2004 polliae
303 1936 322 1975 a
335 1919 475 1985 factiosis,
488 1923 518 2002 at
536 1919 619 1976 malm
635 1935 728 2001 caussa
747 1917 949 2002 promovendae
965 1918 1015 2000 ad·
1070 1915 1442 2043 peratorisnimqjctrqvitmt
1456 1933 1540 2001 sacra
1551 1921 1737 2000 sanctorum·
1747 1917 1879 2000 apqstolo-

192 1993 279 2049 dictas
292 1995 390 2046 essent
405 1994 583 2063 prescriptae.
600 1990 744 2062 inspectio
758 1990 837 2046 rlhas
852 1990 962 2046 codicis
974 1993 1017 2044 ata
1071 2003 1136 2042 rum
1148 1988 1263 2043 Petrrct
1294 1987 1882 2061 aulrmemona,aSclrrsmatrcrsahquan·

192 2059 335 2135 compacti
350 2063 468 2118 abunde
482 2078 536 2118 nos
551 2062 662 2129 edocet,
679 2061 870 2134 inquirendas
886 2077 949 2116 esse
964 2059 1018 2116 ori·
1071 2058 1108 2115 do
1123 2056 1264 2132 neglecta,
1277 2059 1517 2116 honorificentius
1531 2064 1560 2117 et
1575 2059 1757 2132 splendidius
1768 2059 1881 2116 celebra-

192 2135 276 2210 ginas
289 2132 441 2191 notionum
453 2133 650 2206 abiograpbis
660 2132 862 2189 Anastasianis
876 2131 1018 2187 adhibita·
1071 2133 1152 2185 retur
1163 2147 1188 2185 :a
1197 2130 1335 2196 Quamvis
1345 2130 1436 2204 igitur
1448 2135 1533 2188 antea
1543 2147 1660 2206 quoque
1670 2130 1809 2188 celebrata
1818 2131 1881 2187 fuis·
1981 2167 1982 2204 3

193 2206 270 2273 rum,
282 2221 341 2262 non
355 2204 464 2262 idcirco
485 2205 561 2277 quod
585 2203 754 2260 diffidemus
769 2205 805 2260 ab
822 2203 951 2276 antiquis
966 2202 1017 2258 do·
1072 2204 1125 2268 set,
1137 2201 1275 2273 deinceps
1300 2207 1367 2274 post
1391 2202 1560 2275 petitionem
1577 2203 1668 2271 Festi,
1683 2202 1767 2276 longe
1789 2201 1889 2274 majori
1981 2263 1982 2270 ,

193 2277 340 2361 camsmis
354 2276 420 2361 illas
432 2276 526 2361 fuisse
535 2277 718 2401 desumptas,
731 2275 779 2331 sed
797 2275 873 2348 quod
884 2277 951 2356 jure
967 2273 1018 2329 dra·
1072 2271 1226 2344 splendore
1237 2289 1271 2328 ea
1285 2272 1426 2330 festivitas
1442 2278 1563 2357 peraeta
1570 2275 1690 2357 estnihil
1704 2272 1788 2346 paulo
1802 2277 1879 2356 post:
1981 2327 1982 2338 ,

192 2348 347 2406 ditandum
367 2351 415 2414 art,
430 2351 547 2403 incauta
570 2364 621 2419 per
636 2365 642 2402 r
657 2346 700 2402 los
715 2346 852 2403 collectas
875 2345 967 2401 fuisso
984 2362 1018 2400 ex
1073 2365 1087 2394 a
1103 2347 1191 2400 Porro
1211 2345 1315 2400 Festus
1342 2345 1465 2414 occulte,
1482 2349 1515 2400 ut
1539 2349 1633 2414 arunt,
1650 2349 1811 2418 imperatori
1826 2359 1889 2418 sug·v
1981 2355 1982 2414 t

193 2419 367 2498 fragmentis
381 2418 551 2490 hujusmodi
568 2418 810 2474 calumniatorum
830 2416 960 2472 consutis
974 2421 1017 2472 te·
1071 2419 1211 2488 gesserat,
1224 2419 1257 2470 ut
1278 2415 1414 2488 episcope
1430 2417 1561 2472 Romano
1585 2417 1782 2490 persuaderet,
1797 2420 1827 2472 ul
1838 2415 1880 2472 Ze·
1981 2415 1982 2484 l

194 2507 274 2548 mers
284 2499 351 2547 cnm
362 2489 512 2564 opusculis
523 2490 652 2556 Petrum,
664 2494 693 2544 ct
705 2507 721 2544 a
731 2488 918 2562 peritioribus
933 2493 1018 2543 antea
1071 2486 1158 2542 nonis
1172 2485 1310 2543 Henetico
1332 2488 1539 2545 subscriberet.
1557 2489 1613 2546 Sed
1630 2504 1697 2545 cum
1713 2488 1827 2544 Romam
1838 2501 1881 2542 vo·

193 2561 377 2636 perquisitis,
389 2566 422 2618 ut
435 2560 551 2618 retundi
570 2565 692 2634 possent
714 2560 834 2616 totidem
859 2559 954 2615 verbis
969 2576 1018 2616 ex·
1072 2557 1174 2624 nisset,
1185 2557 1373 2614 Anastasium
1388 2559 1558 2632 episcopum
1568 2560 1633 2634 J'am
1648 2563 1793 2615 mortuum
1807 2573 1879 2630 repc—
1981 2559 1982 2618 ἐ

193 2633 477 2708 praesumsisset
493 2631 710 2717 oppositoribus
724 2631 962 2688 enuntiabantar.
1072 2629 1119 2685 rit.
1132 2630 1226 2695 Quare
1248 2645 1364 2702 operam
1381 2629 1469 2698 dedit,
1482 2636 1514 2687 ut
1529 2647 1581 2704 por
1599 2630 1730 2687 schisma
1744 2635 1880 2712 promotus
1981 2637 1982 2652 ¹

228 2703 554 2787 Abundataetastlclasii
566 2703 709 2786 ejusmodi
719 2699 1019 2786 sycophantiiseuble·
1072 2700 1166 2782 edicto
1181 2699 1223 2755 illi
1246 2701 1452 2771 subscriberet,
1466 2719 1598 2775 »nempe
1615 2705 1787 2759 laurentius
1801 2699 1882 2756 achis·
1981 2699 1982 2766 l

194 2773 904 2846 staflderab·bareticis,otschismaticispassim
914 2789 1016 2829 cumu-
1072 2775 1199 2828 malaeus
1213 2776 1315 2828 contra
1330 2761 1540 2846 Symmachum
1554 2773 1679 2830 electus.
1981 2797 1982 2808 ¹

193 2847 276 2916 taum
292 2845 334 2903 ita
351 2851 386 2903 ut
406 2847 605 2904 necessarium
629 2846 744 2902 duxerit
767 2846 878 2901 indicto
894 2843 1017 2901 coneilio
1107 2847 1147 2897 ltx
1161 2843 1208 2899 his
1222 2848 1342 2918 apparet
1361 2846 1549 2901 anastasium
1572 2861 1692 2918 papam,
1709 2847 1882 2916 antequama
1981 2863 1982 2898 l

194 2919 317 2976 caumas
331 2918 473 2976 librorum
489 2919 677 2991 probatorum
695 2917 842 2991 perficere,
854 2920 883 2973 ct
897 2916 933 2972 ab
949 2931 1017 2988 apo·
1072 2914 1156 2970 Festo
1171 2915 1207 2970 dc
1222 2915 1344 2986 perfidia
1358 2918 1529 2984 tentaretur,
1541 2917 1693 2990 integrum
1707 2919 1790 2990 atque
1805 2913 1883 2970 since·
1981 2959 1982 2982 2

123 3016 132 3022 ·
194 2989 312 3072 cryphia
328 3005 362 3045 au
375 2988 487 3046 vitiatis
509 3005 658 3063 germana,
670 2988 793 3062 integra,
805 2993 833 3045 ct
858 2988 1019 3060 approbata
1071 3001 1138 3041 rum
1153 2985 1183 3040 in
1198 2985 1342 3042 catholica
1357 2987 1413 3043 fide
1435 2987 1604 3044 decessisse.
1622 2986 1743 3044 Falsum
1758 2987 1846 3070 itaque
1859 2987 1882 3039 ct
1981 3021 1982 3026 κ

194 3065 304 3136 scripta
318 3071 477 3117 secernere.
492 3061 524 3116 ln
539 3064 623 3116 tanta
636 3059 727 3133 igitur
741 3075 774 3114 eo
796 3060 823 3115 ia
839 3058 1017 3114 lucubratio·
1073 3055 1205 3128 ineptum
1220 3057 1340 3114 omnino
1353 3059 1496 3131 estquod
1512 3059 1542 3114 in
1558 3059 1649 3114 Libro
1660 3056 1812 3115 Pontifacalr
1825 3053 1881 3111 lori·

195 3140 267 3188 nuin
280 3130 390 3187 vitiosae
401 3129 605 3204 originisque
620 3077 869 3187 disseminabatur
882 3129 1019 3201 tempori·
1033 3093 1055 3160 C
1143 3198 1149 3210 ·
1848 3097 1862 3138 ρ

194 3203 251 3261 bus
260 3200 379 3269 Gelasii,
389 3201 546 3270 Anastasii,
559 3205 588 3257 ot
597 3201 796 3274 proximorum
808 3201 989 3275 pontificum,
1002 3217 1020 3254 a
1073 3199 1215 3268 'fernmet
1225 3217 1241 3254 a
1252 3200 1367 3256 Gelasio
1377 3202 1581 3258 decessoribus
1593 3202 1666 3274 jam¹
1677 3205 1743 3258 ante
1756 3199 1882 3326 qaedam·

1074 3131 1132 3195 tur,
1144 3129 1334 3184 anastasium
1349 3147 1454 3202 nempe
1473 3147 1590 3214 papam,
1606 3130 1758 3195 Acacium,
1773 3145 1789 3184 a
1803 3125 1883 3184 l'elrca

194 3271 397 3348 perduellibus
414 3273 482 3329 fidei
505 3277 609 3329 nostre
639 3271 790 3328 occasione
817 3272 960 3328 haeresum
991 3277 1019 3327 ct
1073 3271 1428 3344 natum‚multisqqu'em
1440 3273 1526 3328 annis
1544 3271 1716 3329 subendam
1728 3273 1762 3327 Fe
1775 3265 1881 3326 i'cc'fer·
1981 3261 1982 3294 ³

194 3344 388 3403 schismatum
400 3343 709 3411 subortorum‚mirum
721 3360 778 3400 non
792 3343 872 3411 cst,si
885 3343 1018 3415 eliquan-
1072 3342 1113 3397 tio
1124 3345 1284 3407 mortuum,
1295 3343 1325 3397 ia
1338 3344 1437 3400 sedem
1455 3361 1539 3400 suam
1559 3359 1707 3414 revocare,
1720 3345 1769 3399 aut
1792 3339 1881 3398 saltem
1981 3383 1982 3400 ι

195 3417 234 3474 du
252 3415 474 3473 dormitaverint
488 3414 654 3472 collectores
674 3415 773 3472 minus
787 3414 881 3470 idonei
900 3417 1018 3470 atatam
1073 3428 1179 3469 nomen
1203 3415 1267 3486 eius
1292 3413 1382 3471 sacris
1408 3415 1436 3471 di
1459 3415 1554 3488 tychis
1579 3417 1734 3472 restituere
1757 3411 1881 3478 voluisse;

195 3487 376 3561 sequiorem,
384 3491 414 3544 et
423 3505 456 3544 ex
467 3486 790 3614 fraqmentisvoteribus
802 3484 1018 3542 indiscrimina·
1073 3483 1234 3557 eodemque
1244 3490 1375 3558 tempore
1385 3432 1494 3542 muRos
1505 3487 1625 3543 clericos
1637 3493 1667 3544 ct
1677 3485 1849 3560 presbyteros
1857 3497 1883 3536 se

195 3557 1018 3630 timeorrasisexmiscelapartiumintorsolitigantium,
1073 3552 1883 3632 al>ipsiuscommunioneseparasse,eoquodcommuni··

194 3636 303 3696 temam
318 3631 533 3703 assumpserint
548 3628 705 3703 aliquando
719 3629 841 3685 hostiles
856 3628 1019 3684 calumnias
1073 3632 1168 3684 cassat
1178 3628 1241 3683 sinc
1251 3628 1372 3685 concilio
1389 3630 1592 3702 cpiscoporum
1604 3629 1651 3685 vel
1664 3629 1882 3704 presbytororum

195 3700 273 3758 stira
285 3699 404 3756 fallendi
416 3705 477 3758 arte
486 3701 516 3756 in
528 3699 635 3774 stylum
647 3699 819 3756 historicum
831 3700 1017 3768 deformatas,
1073 3699 1117 3755 vel
1133 3697 1213 3765 cleri,
1225 3698 1345 3756 diacono
1362 3700 1613 3758 Thessalonicensi
1630 3701 1750 3758 nominc
1765 3696 1882 3760 Photino,
1981 3739 1982 3744 κ

196 3772 251 3830 uhi·¹
263 3770 474 3828 substituenda
486 3773 601 3828 fuerant
613 3771 794 3828 narrationes
804 3777 878 3828 nota
888 3770 1018 3828 veritatis
1036 3798 1041 3808 ·
1074 3769 1123 3843 qui
1135 3771 1402 3828 communicaverat
1415 3787 1482 3828 cum
1502 3771 1616 3829 Acaoio.
1628 3771 1697 3830 llaec
1715 3771 1789 3830 enim
1803 3785 1834 3825 ex
1846 3766 1882 3822 di·

196 3843 383 3916 scriptorum,
395 3845 512 3900 casdem
535 3843 698 3900 calumnias
722 3843 953 3900 subvertentium
973 3859 1019 3898 ra·
1074 3841 1884 3901 ctisfalsaomninocssedemonstrantur.Porrohnasta·

195 3915 311 3972 ticenum
326 3915 463 3988 pondere,
474 3921 502 3972 et
516 3915 688 3972 auctoritato
703 3915 749 3971 sui
764 3914 935 3972 testimonii.
1074 3913 1151 3970 sium
1162 3929 1268 3986 papam
1280 3913 1391 3971 nullam
1403 3931 1470 3972 uum
1480 3915 1657 4000 imperatore
1663 3911 1815 3971 ‘Anastasio
1825 3924 1883 3967 con·

1073 3985 1203 4041 cordiam
1218 3984 1330 4055 iniisse,
1343 3987 1392 4042 sed
1411 3987 1505 4060 magis
1526 3987 1611 4044 illum
1627 3991 1806 4045 exsecratum
1819 3995 1883 4047 esse,

524 4071 690 4132 GthONlI.
1074 4056 1201 4113 ostendit
1215 4057 1358 4114 baronius
1374 4075 1450 4114 anno
1466 4058 1528 4115 497.
1566 4095 1568 4100 -

1110 4127 1199 4184 Linea
1213 4129 1240 4200 9„
1252 4159 1287 4170 -
1306 4131 1448 4202 Episcopus
1468 4147 1519 4202 per
1544 4129 1654 4186 diuersa
1682 4129 1739 4186 loce
1753 4125 1882 4202 smdeciqr.

233 4201 850 4274 tineamus-Socermanaricoctpsns
864 4207 1018 4256 eiecerunt.
1074 4199 1146 4256 Cum
1174 4199 1416 4258 bibliothecarius
1439 4201 1571 4258 omiserit
1594 4200 1747 4276 complura
1770 4196 1820 4253 insi
1859 4207 1884 4246 ra

196 4271 1020 4346 hbu'stasiuslmperatordolosemoliebatur,siquomodo
1111 4275 1156 4326 sta
1171 4272 1225 4327 sub
1240 4271 1444 4338 Anastasio‚ln
1460 4271 1648 4329 conversione
1664 4269 1819 4345 praesertim
1839 4263 1883 4320 *lo-

197 4345 493 4402 ad'subscribcndum
509 4345 648 4401 llenotico
662 4343 786 4400 Zenonis
800 4343 898 4416 ipsum
914 4343 1019 4398 Roma·
1094 4343 1155 4398 ovei
1172 4343 1249 4468 rogis
1261 4342 1432 4416 pchallias
1442 4345 1505 4400 dee
1526 4343 1694 4418 iscoporum
1706 4339 1883 4404 ordinatione,

196 4416 446 4490 nompontihoem
458 4416 714 4490 possetinducere.
726 4414 767 4469 hd
780 4414 855 4468 banc
865 4431 926 4469 rem
937 4415 1020 4485 perh-
1075 4430 1108 4468 su
1133 4413 1198 4484 plen
1222 4418 1297 4470 aest
1311 4415 1433 4472 historia
1448 4432 1481 4471 ex
1519 4415 1576 4489 agii
1592 4415 1724 4471 numeris
1739 4415 1796 4469 det
1810 4423 1864 4481 seq.

197 4487 329 4545 ciendam
343 4487 599 4560 liostumlegatum
612 4486 702 4542 misit.
714 4485 782 4540 Erat
793 4467 1059 4566 liestqssenatorl)
1110 4430 1234 4540 §edente
1247 4485 1411 4555 Anastasio,
1423 4503 1489 4564 cum
1510 4487 1609 4544 nullus
1631 4489 1714 4543 esset
1733 4479 1845 4560 reperiri
1857 4475 1884 4532 in

197 4560 358 4627 Romanus,
370 4559 503 4615 missusa
512 4563 615 4615 senatu
624 4559 660 4612 ad
669 4557 855 4611 Anastasium
869 4558 1023 4626 imperato·
1075 4558 1136 4611 tolo
1145 4559 1290 4612 terrarum
1301 4559 1370 4615 orbe
1381 4559 1498 4631 penitus
1510 4558 1648 4632 princeps
1658 4555 1834 4614 Christianus
1848 4564 1885 4630 aa·

197 4643 258 4688 rem
269 4634 388 4703 propter
396 4629 540 4702 quasdam
551 4627 649 4684 civiles
663 4643 709 4682 res
724 4625 901 4680 tractandas.
919 4626 1023 4682 Festus
1075 4623 1220 4682 thelicus:
1233 4643 1303 4684 nam
1316 4632 1345 4685 ct
1360 4629 1409 4704 qui
1419 4629 1582 4687 velamento
1593 4629 1660 4686 fidei
1671 4627 1829 4686 orthodoxa
1841 4621 1884 4676 dtu

196 4699 452 4774 imperatori'elam
467 4699 616 4771 pollicitus
631 4701 676 4754 est
690 4711 902 4769 persuasurum
919 4714 950 4753 se
966 4697 1021 4753 llo·
1076 4696 1161 4753 latuit
1182 4699 1355 4757 Anastasius
1379 4687 1750 4776 imperator,'apcrtissime
1764 4693 1885 4768 cognitus

198 4783 285 4829 mano
298 4771 487 4844 episcopani
505 4769 665 4826 concordia
675 4766 798 4823 Zenonis
814 4768 1021 4826 subscriberet.
1076 4771 1121 4826 est
1131 4768 1285 4828 haereticus
1297 4787 1303 4828 :
1316 4772 1413 4828 Rome
1427 4789 1504 4842 vero,
1513 4777 1542 4830 et
1556 4773 1586 4829 in
1602 4771 1686 4830 ltalia
1700 4785 1750 4828 ren
1759 4763 1884 4825 ‘Theudo-

197 4844 269 4900 Cum
279 4847 377 4898 sutem
384 4839 867 4908 Romamvcnisset,hnostasiume
889 4839 1022 4912 iscopum
1076 4840 1164 4908 ricus,
1175 4845 1204 4896 ct
1231 4843 1260 4899 in
1277 4842 1369 4900 Gallia
1383 4843 1602 4918 Visigothorum
1620 4843 1801 4908 {lindenaet
1815 4837 1884 4893 Gan·

198 4919 348 4971 mortuum
359 4912 723 4985 reperitut'l'hcodoretus
735 4915 764 4967 ot
778 4857 958 4984 Nicepborus
969 4911 1020 4968 lib.
1076 4911 1209 4970 dobadus
1238 4915 1479 4990 Burgmndionum
1508 4915 1608 4972 ariani
1638 4928 1757 4989 prorsus
1784 4909 1882 4966 erant:

198 5003 240 5054 m,
253 5002 278 5041 c.
289 4986 334 5054 35,
343 4983 524 5042 concorditer
533 4982 674 5040 scribunt.
684 4983 724 5039 lix
735 4982 843 5054 quibus
854 4983 926 5040 satis
936 5001 1023 5059 appa·
1075 4983 1204 5057 itemquo
1214 4985 1298 5043 Suevi
1309 4991 1339 5042 et
1350 4987 1375 5043 si
1386 4988 1437 5060 qui
1451 4987 1501 5044 alii
1515 4987 1544 5042 in
1562 4987 1720 5060 Hispania:
1735 4985 1763 5040 ia
1775 4982 1884 5039 Germa·

200 5061 244 5115 ret
254 5055 442 5114 hnastasium¹
451 5071 558 5128 papam
568 5054 928 5128 integrumsincerumque
938 5057 966 5111 in
978 5073 1023 5112 ca·
1075 5055 1125 5112 nia
1140 5061 1238 5113 autem
1253 5062 1282 5114 et
1296 5057 1446 5116 Britannia
1461 5059 1557 5116 adbuc
1569 5058 1679 5142 pagani
1696 5075 1704 5114 τ
1720 5055 1890 5130 Francomtn'

199 5127 380 5185 thelica-fido
396 5125 813 5200 permunisse‚deocssissequo
833 5131 1023 5200 antequama
1075 5143 1125 5182 rex
1135 5127 1380 5196 Glodoveus‚oum
1390 5131 1663 5206 perinvocatronom
1678 5119 1885 5185 nominisdbn·

199 5201 284 5257 l'esto
295 5197 440 5272 eJ‘usmodi
453 5198 580 5282 perfidia
590 5202 760 5255 tentaretur.
775 5199 817 5254 lla
831 5215 958 5271 namque
974 5217 1023 5255 saa-
1076 5199 1112 5254 sti
1128 5199 1279 5256 victoriam
1294 5202 1330 5258 de
1354 5202 1524 5260 Alemannis
1547 5202 1703 5258 meruisset
1726 5196 1857 5256 obtinere,
1870 5203 1885 5243 a

198 5271 348 5344 pedivino
363 5269 564 5342 consiliaque
579 5269 766 5342 potissimum
786 5269 935 5326 catholica
955 5270 1022 5326 fidei
1076 5275 1176 5328 sancto
1192 5271 1324 5345 Remigio
1338 5274 1436 5348 episco
1458 5292 1474 5330 o
1490 5273 1646 5330 Rbemensi
1664 5269 1823 5344 baptizatas
1836 5263 1883 5323 est,

199 5351 316 5417 semper
329 5355 443 5400 servare
458 5341 608 5398 consuevit
623 5341 830 5414 integritatem,
841 5342 952 5398 factum
963 5342 1022 5398 sci·
1076 5357 1133 5396 non
1160 5341 1279 5414 quidem
1303 5361 1380 5401 anno
1404 5293 1466 5410 498,
1478 5349 1511 5401 ut
1535 5345 1657 5402 credidit
1678 5339 1826 5403 Baronius,
1840 5329 1884 5413 scd

199 5419 318 5484 masat
349 5431 417 5470 uam
429 5412 571 5470 citissime
584 5416 676 5469 morte
691 5412 851 5469 mulctatus
866 5414 913 5481 sit,
927 5413 975 5485 qui
992 5413 1022 5468 in
1076 5429 1152 5468 anno
1168 5413 1229 5480 496,
1242 5414 1305 5488 ipso
1320 5416 1403 5473 initio
1424 5417 1613 5493 pontificatus
1633 5407 1830 5480 haesuram
1844 5403 1885 5484 dte

199 5485 317 5560 aliquod
328 5431 488 5543 discrimen
503 5485 684 5541 adducturus
697 5488 775 5540 essct
788 5484 961 5542 catholicam
976 5501 1022 5540 ec·
1076 5483 1240 5542 Natiuitatis
1265 5487 1392 5556 Domini,
1408 5495 1441 5546 ut
1469 5493 1585 5546 constat
1612 5505 1646 5544 ex
1673 5481 1794 5558 epistola
1819 5477 1885 5533 ht'tll

199 5558 294 5615 clasiae
309 5558 476 5632 puritatem.
1075 5555 1249 5613 Viennensis
1260 5558 1387 5634 episcopi
1401 5560 1430 5616 in
1447 5559 1623 5634 Burgundios
1638 5571 1735 5631 regnu,
1747 5553 1782 5626 ad
1796 5549 1884 5628 ipsum

235 5629 325 5686 Linea
339 5631 365 5686 8.
377 5630 495 5685 -llatu
508 5627 602 5684 diuino
619 5642 763 5700 perorasses
784 5635 829 5683 est.
848 5627 941 5698 Lepre
956 5644 1022 5698 per·
1076 5627 1251 5684 Clodoveum
1280 5631 1480 5706 scriptaque
1507 5636 1608 5690 exstat*
1628 5635 1705 5688 tomo
1727 5622 1764 5682 lV
1785 5613 1883 5677 Cancri.

200 5707 304 5758 cassus
319 5699 443 5770 diuitum
460 5699 508 5757 alii
525 5701 654 5774 produnt
668 5697 807 5754 intestina
830 5697 859 5754 in
884 5697 1021 5756 latrinam
1075 5716 1133 5840 ΕΑΒ
1146 5701 1224 5769 1266,
1236 5701 1264 5784 in
1276 5719 1334 5786 qua
1349 5703 1390 5762 ait
1401 5721 1427 5758 :a
1438 5703 1531 5788 Igitur
1550 5703 1599 5778 qui
1621 5699 1732 5760 celeber
1748 5697 1793 5752 est
1805 5689 1883 5747 Nata·

130 5833 138 5843 ,
200 5765 348 5844 effudisse,
366 5773 437 5831 dum
453 5769 619 5831 necessitati
638 5773 749 5836 aratura
764 5770 985 5844 obtemperaret.
1099 5771 1310 5843 altamira-sat
1328 5780 1357 5833 et
1376 5781 1476 5846 vestri,
1494 5792 1550 5849 quo
1569 5791 1623 5833 vos
1647 5760 1881 5833 soilieattlbriste
