4040 6170
235 229 313 296 aloa
818 218 1022 284 lausanen
1042 215 1352 283 atearornamnn
1671 307 1679 312 ,
1838 231 1901 295 aaa

306 361 411 436 phiaos
421 355 520 431 posuit
530 358 683 428 argenteos
698 351 839 411 librarum
852 356 970 410 eentum
985 352 1171 425 octuaginta;
1186 353 1295 425 pariter
1304 355 1332 408 et
1346 351 1375 408 in
1384 351 1508 410 ecclesia
1522 351 1689 421 salvatoris,
1700 359 1904 432 qaaappellalur

306 453 557 522 Constantiniana,
571 451 638 509 lecit
649 451 804 525 delphinos
820 454 973 524 argenteos
988 449 1129 506 librarum
1141 449 1272 524 triginta.
1285 449 1361 506 Fecit
1375 453 1404 506 et
1419 449 1448 506 in
1459 450 1581 508 ecclesia
1591 443 1750 508 beatiPetri
1761 457 1906 527 perdirersa

304 554 431 614 oratoria
445 552 574 609 canistra
589 553 726 624 argentea
742 565 863 606 numero
877 549 1044 616 duodecim,
1060 564 1182 620 pensan.
1193 547 1281 604 simul
1295 547 1385 604 libras
1398 548 1777 624 quadragintalltrugasin
1787 558 1908 631 presbpte

267 657 286 712 5
305 653 348 713 rio
364 655 475 728 aparte
487 649 618 707 virorum
633 650 662 704 et
671 646 829 704 mulierum
842 663 876 702 ex
887 649 1007 720 argento
1018 643 1188 720 purissimo,
1200 661 1323 718 pensan.
1334 645 1424 703 libras
1435 651 1553 703 centum
1565 647 1695 722 triginta,
1703 666 1808 707 necnon
1817 657 1843 710 et
1851 653 1908 715 alias

305 769 394 826 rugas
405 752 435 808 in
445 753 534 823 caput
542 744 715 822 presbyterii
726 749 792 801 ante
803 743 1015 802 confessionem
1027 760 1061 800 ex
1071 747 1329 818 argento,pensan.
1339 742 1552 802 simuloentum
1560 748 1909 824 etquatuor.l2tiuacolasia

305 855 413 910 sancta
424 847 474 906 Dei
489 843 645 904 Genitricis
661 843 758 900 Maria
773 847 856 899 trans
869 841 999 899 Tiberim
1015 840 1083 898 lecit
1096 841 1226 898 canistra
1241 844 1381 916 argentea
1394 841 1536 916 quinque,
1551 858 1633 916 pens.
1652 842 1739 900 simul
1752 844 1908 922 libmquin.

305 950 411 1010 decim.
424 946 576 1006 Enimvero
587 943 617 1000 in
629 941 868 1000 basilicasanctae
879 940 929 998 Dei
945 939 1110 1014 Genitricis,
1126 955 1191 1014 quo
1204 943 1250 996 est
1263 939 1299 995 ad
1316 939 1454 1012 Prasepe,
1470 937 1501 995 in
1516 938 1601 996 altari
1616 939 1711 1013 ipsius
1725 945 1846 1018 praesepii
1858 947 1909 1004 reaia

306 1050 432 1108 laminas
447 1063 481 1104 ex
495 1061 567 1102 auro
582 1042 742 1117 purissimo
757 1039 889 1098 historiis
903 1039 1037 1112 depictis,
1053 1053 1175 1112 pensan.
1193 1036 1281 1096 simul
1293 1037 1384 1094 libras
1396 1041 1514 1094 centum
1530 1037 1671 1112 quinque,
1683 1055 1717 1096 ex
1732 1043 1908 1115 argentolum,

253 1154 287 1211 10
306 1144 511 1223 suprascripte
525 1139 717 1199 consessionis
732 1137 848 1195 tabulas
860 1138 945 1206 duas,
961 1153 1084 1209 pensan.
1100 1135 1189 1193 simul
1205 1135 1297 1193 libras
1312 1133 1492 1208 quindecim.

344 1246 421 1305 85⁰
438 1240 598 1300 Ecclesiam
614 1255 681 1295 vero
696 1236 787 1293 beato
801 1233 920 1309 Agnetis
935 1233 1084 1306 martyris,
1100 1249 1152 1290 seu
1167 1231 1322 1289 basilicam
1337 1232 1427 1289 beatae
1448 1232 1671 1304 limorentianae,
1686 1235 1791 1309 pariter
1802 1237 1909 1296 etiamst

308 1343 460 1404 ecclesiam
476 1338 553 1396 beati
568 1334 744 1403 Nicomedis,
761 1333 847 1390 sitam
861 1331 932 1389 loris
947 1335 1061 1404 portam
1076 1331 1303 1399 Nomentanam,
1321 1329 1410 1386 simul
1425 1333 1453 1388 et
1467 1332 1668 1389 camelarium
1692 1332 1767 1390 beati
1789 1335 1908 1410 hipponi

307 1441 444 1516 martyris
455 1439 541 1511 juxta
555 1438 691 1494 sanctum
708 1430 909 1497 Laurentium,
925 1445 990 1502 quae
1006 1446 1023 1485 a
1037 1427 1142 1502 priscis
1159 1433 1345 1486 marcuerant
1360 1429 1583 1502 temporibus,a
1598 1447 1672 1487 novo
1689 1432 1828 1488 renovavit
1841 1449 1846 1488 :
1860 1433 1908 1490 Pari

307 1539 431 1598 modo'et
441 1533 595 1594 ecclesiam
611 1529 687 1588 beati
703 1527 809 1585 Christi
825 1526 963 1601 martyris
977 1525 1129 1600 Stephani,
1146 1525 1233 1584 sitam
1244 1527 1331 1599 juxta
1344 1525 1515 1599 pradictum
1534 1527 1735 1586 coemeterium
1759 1531 1844 1587 sanati
1855 1531 1908 1604 ilip-

270 1643 288 1698 5
306 1637 407 1714 polyti,
424 1632 559 1692 similiter
575 1626 757 1688 restauravit.
776 1625 853 1682 Fecit
867 1641 933 1682 vera
949 1629 978 1680 et
992 1623 1022 1679 in
1037 1623 1219 1682 confessione
1248 1623 1325 1680 beati
1354 1623 1435 1681 Pauli
1464 1623 1588 1696 apostoli
1618 1642 1653 1682 ex
1681 1643 1752 1684 auro
1779 1627 1909 1701 purissimo

305 1733 464 1810 imaginem
481 1731 510 1786 in
521 1729 643 1786 modum
654 1723 878 1800 Evangeliorum
892 1721 973 1778 intus
984 1737 1073 1795 super
1082 1721 1216 1794 ejusdem
1225 1721 1457 1778 sacratissimum
1470 1738 1587 1796 corpus,
1597 1739 1722 1796 pensan.
1731 1722 1908 1798 librasviginti.

343 1833 417 1891 aot
441 1830 519 1888 idem
534 1843 600 1884 vcro
616 1822 900 1882 omniurnbonorum
910 1817 1075 1895 precipuus
1085 1818 1192 1892 praesul
1204 1837 1220 1876 a
1230 1835 1303 1877 novo
1314 1819 1457 1876 dedicavit
1468 1820 1719 1896 atquecoastituit
1731 1824 1909 1882 monasterium

203 1911 207 1918 Ἴ
306 1915 1911 1996 sanatorumadriantntquaLaurentii,qu0dinruinismarcescebatapriscistemporibus,ettanquamcrypua

308 2027 499 2088 sacularibus
510 2021 742 2079 inhabitabatur.
755 2019 819 2092 lpse
829 2034 895 2075 vero
911 2015 1046 2090 egregius
1061 2015 1286 2072 antistssanovo
1294 2015 1323 2072 id
1331 2015 1539 2072 restauravitin
1546 2015 1752 2090 predictorum
1761 2025 1909 2094 sanctorum,

307 2125 443 2185 videlicet
456 2118 576 2179 Adriani
591 2121 620 2175 et
635 2115 793 2184 Laurentii,
811 2115 940 2184 nornine,
955 2115 986 2170 in
1001 2131 1059 2188 quo
1075 2118 1103 2170 ct
1119 2112 1213 2170 multa
1227 2112 1345 2170 donavit
1361 2117 1420 2170 tam
1436 2114 1466 2171 in
1482 2131 1553 2172 aura
1569 2133 1719 2189 quamque
1729 2123 1756 2174 et
1769 2117 1797 2174 ia
1806 2125 1909 2193 argento,

273 2229 291 2282 5
310 2242 361 2284 .cu
376 2223 407 2278 in
424 2218 502 2293 agris
517 2221 605 2289 atque
617 2213 647 2270 in
663 2213 784 2270 familiis
797 2212 979 2284 diversisque
993 2210 1117 2285 peculiis
1131 2211 1279 2284 simulque
1290 2215 1319 2268 at
1333 2228 1368 2268 ex
1382 2211 1550 2268 mobilibus.
1562 2213 1596 2269 ut
1611 2214 1764 2272 constituit
1777 2216 1805 2273 in
1817 2217 1910 2275 basilica

314 2323 421 2379 sanctae
432 2315 483 2374 Dei
494 2307 1099 2384 GenitricissemperqaevirginisMariand
1112 2307 1318 2381 Prasepe,etin
1329 2309 1439 2366 ceteris
1451 2309 1639 2367 monasteriis
1647 2310 1756 2370 ibidem
1762 2316 1910 2386 constitutis,

313 2420 371 2477 Deo
386 2416 433 2474 die
447 2415 593 2484 noctuque
608 2411 745 2466 canantes
760 2405 861 2464 solitas
871 2406 967 2463 dicere
978 2405 1089 2463 laudes.
1101 2405 1179 2462 Fecit
1191 2407 1301 2463 ibidem
1316 2423 1464 2482 presagus
1485 2407 1608 2466 antistes
1625 2409 1656 2466 in
1669 2411 1841 2470 confessione
1853 2414 1909 2472 beati

313 2512 461 2575 Laurentii
477 2507 614 2583 martyris
629 2505 699 2563 loris
714 2521 833 2562 murum
849 2503 1006 2576 imaginem
1015 2519 1125 2560 exauro
1136 2503 1294 2577 purissimo
1308 2503 1339 2560 in
1349 2505 1470 2562 modum
1485 2505 1910 2581 llvangeliorum,ejusdemheatj

313 2610 462 2674 Laurentii
477 2607 590 2682 effigies
604 2603 813 2673 continentem,
829 2619 892 2676 qaae
907 2619 1027 2676 pensan.
1045 2601 1135 2658 libras
1151 2601 1330 2674 quindecim.

347 2711 424 2772 852
443 2713 478 2765 In
492 2704 615 2764 ecclesia
628 2720 695 2760 vero
710 2699 879 2767 Salvatoris‚
892 2716 956 2772 que
966 2703 1087 2756 vocatur
1101 2698 1354 2770 Constantiniana,
1368 2699 1514 2758 recitante
1528 2701 1710 2760 vestibulum
1725 2703 1819 2762 altaris
1832 2723 1912 2764 aureas

311 2819 371 2872 tras
386 2807 518 2883 gabatas,
532 2817 654 2876 pensan.
670 2799 760 2857 libras
776 2799 888 2856 decem.
904 2797 960 2854 Sed
975 2801 1003 2854 et
1013 2797 1043 2853 in
1054 2795 1274 2854 basilicabeata
1287 2796 1336 2854 liei
1349 2797 1506 2856 Genitricis
1517 2799 1552 2855 ad
1564 2799 1697 2874 Praescpe
1712 2801 1777 2859 lecit
1789 2802 1913 2877 delphinos
1977 2815 1978 2850 t

311 2911 464 2985 argenteos
479 2919 531 2978 per
545 2901 676 2958 diversas
691 2913 825 2967 coronas,
841 2912 924 2969 pens.
940 2893 1031 2953 libras
1045 2893 1295 2969 vigintiquatuor.
1310 2894 1575 2954 Prasiantissimus
1590 2897 1672 2954 idem
1687 2899 1912 2958 eximiasantistes

311 3008 378 3068 lecit
391 3005 422 3062 in
437 2999 559 3062 ccclesia
573 2997 650 3055 beati
667 2995 742 3054 Petri
759 2993 882 3069 apostoli
898 2994 933 3051 ad
950 3010 1057 3067 corpus
1071 2991 1241 3066 imaginem,
1259 3009 1322 3065 quae
1336 2993 1448 3050 dudum
1464 3005 1500 3050 er.
1513 2999 1636 3068 argento
1652 2995 1756 3070 inerat,
1769 2996 1909 3069 Salvatoris,

274 3112 293 3167 5
311 3107 417 3166 sancte
432 3098 483 3160 Dei
499 3095 666 3164 Geuitriois,
683 3097 851 3151 sanctorum
867 3088 1065 3167 apostolorum
1083 3089 1157 3147 Petri
1173 3106 1206 3147 ao
1222 3087 1303 3146 Pauli
1319 3095 1407 3163 atquc
1422 3091 1680 3160 andreateauro
1695 3095 1842 3168 purissimo
1851 3097 1910 3154 mira

310 3196 535 3277 magnitudinis,
549 3184 672 3268 pensan.
688 3190 779 3249 libras
794 3177 945 3248 ducentas.

345 3300 424 3360 858
443 3295 495 3354 llio
508 3289 745 3366 elegantissimus
760 3287 869 3364 presul
882 3293 968 3360 atque
984 3285 1163 3344 fortissimus
1187 3289 1270 3344 recta
1299 3284 1367 3342 fidei
1395 3285 1567 3360 predicator
1594 3287 1703 3346 direxit
1729 3291 1828 3348 missos
1848 3307 1908 3360 suos,
1976 3327 1977 3344 .

309 3397 442 3459 videlicet
456 3390 659 3467 presbyterum
675 3387 791 3444 Petrum
807 3389 914 3443 sancta
931 3367 1068 3443 Romana¹
1082 3383 1226 3453 Ecclesia,
1236 3382 1391 3440 etPetrum
1407 3383 1576 3459 religiosum
1592 3385 1732 3444 abbatem
1746 3389 1908 3446 venerabilem

309 3491 480 3556 monasterii
495 3487 589 3548 sancti
604 3485 697 3554 Saba,
713 3483 791 3557 quod
808 3481 972 3556 appellatur
985 3480 1062 3540 Cella
1076 3481 1164 3549 Nova,
1180 3483 1217 3538 ad
1232 3481 1439 3556 imperatorem
1454 3481 1682 3542 Constantinum
1698 3490 1728 3543 et
1742 3489 1850 3543 matrem
1862 3487 1909 3559 ejus

309 3599 435 3660 trenam,
450 3587 609 3646 adhortans
624 3599 674 3640 cos
687 3569 775 3655 at'que
789 3579 914 3637 fideliter
928 3578 1091 3652 praedicans
1106 3596 1159 3653 per
1174 3596 1244 3637 snas
1258 3578 1434 3653 apostolicas
1457 3578 1571 3638 litteras
1586 3599 1641 3655 pro
1657 3583 1749 3642 sacris
1762 3583 1909 3658 imaginibus

272 3697 291 3752 5
309 3689 494 3753 erectionem,
508 3680 635 3756 qualiter
648 3695 699 3752 per
713 3677 882 3735 testimonia
892 3675 1107 3749 scripturarum
1120 3693 1172 3734 seu
1180 3675 1367 3734 traditionem
1384 3675 1581 3751 probabilium
1596 3683 1720 3738 Petrum
1730 3698 1747 3737 a
1756 3681 1848 3755 priscis
1856 3685 1910 3737 tea·

307 3787 428 3866 poribus
443 3795 537 3854 usque
551 3779 693 3835 hactenus
708 3775 867 3832 orthodoxe
881 3776 1057 3830 venerantur
1072 3773 1102 3831 in
1119 3779 1220 3830 sancta
1234 3773 1378 3831 catholica
1392 3777 1421 3831 et
1438 3774 1599 3848 apostolica
1629 3778 1760 3836 Romana
1786 3778 1906 3846 talesia
1975 3809 1976 3879 p

308 3885 385 3962 quod
399 3879 510 3956 prelati
525 3877 726 3950 imperatores,
737 3873 871 3930 eamdem
881 3875 1052 3930 venerantes
1067 3876 1155 3945 atque
1171 3867 1380 3946 amplectentes
1396 3871 1586 3946 apostolicam
1602 3875 1768 3950 epistolam,
1783 3876 1908 3934 concilium

308 3987 338 4042 in
349 3983 444 4040 Nicaea
453 3973 623 4050 congregari
632 3973 764 4030 lecerunt
771 3973 968 4028 trecentorum
977 3969 1193 4044 quinquaginta
1200 3969 1415 4043 episcoporum,
1427 3971 1478 4044 qui
1489 3973 1656 4030 secundum
1667 3975 1822 4032 doctrinam
1831 3972 1909 4048 pradi-

307 4079 431 4142 cationia
447 4073 611 4151 apostolica
626 4069 754 4144 epistota
778 4069 919 4126 nimirum
943 4067 1139 4126 crediderant.
1156 4067 1190 4124 lli
1215 4067 1436 4142 promulgantes
1464 4075 1644 4128 consuerunt
1669 4077 1699 4129 et
1721 4090 1770 4147 per
1791 4070 1906 4146 spnodan

253 4186 288 4243 10
306 4175 501 4240 universalem
517 4171 694 4230 definierunt
709 4166 842 4225 unanimi
857 4165 1018 4224 assertione
1033 4182 1085 4238 pro
1101 4165 1279 4223 honorandis
1293 4165 1473 4240 imaginibus
1488 4168 1676 4226 erectionem.
1687 4173 1776 4240 Quam
1790 4169 1905 4244 synodum

302 4282 366 4356 jam
386 4273 456 4333 dicti
481 4269 564 4328 missi
586 4268 616 4324 in
640 4268 738 4325 Gracc
762 4280 896 4322 sermone
916 4279 1016 4322 secam
1031 4261 1161 4320 detulere
1177 4280 1236 4320 una
1250 4279 1318 4320 cum
1333 4261 1536 4338 imperialibus
1552 4267 1646 4325 sacris
1659 4268 1793 4325 manibus
1806 4263 1904 4342 propriis
1974 4263 1975 4287 ¹

305 4374 515 4446 subscriptam,
526 4383 650 4440 eamque
665 4363 823 4439 pradictus
837 4361 971 4437 egregius
985 4360 1107 4419 antistes
1122 4361 1152 4417 ia
1168 4361 1301 4418 Latinam
1316 4359 1448 4435 lingnam
1464 4362 1634 4421 translatari
1646 4365 1748 4440 jussit,
1764 4369 1790 4423 et
1802 4365 1829 4421 io
1841 4378 1904 4420 saara

303 4471 481 4534 bibliotheca
490 4467 600 4541 pariter
609 4461 737 4531 recondi,
749 4460 868 4535 dignam
879 4460 920 4516 ibi
930 4459 1096 4516 orthodoxa
1108 4458 1175 4515 ildsi
1186 4459 1357 4516 memoriam
1368 4464 1506 4518 aternam
1517 4461 1638 4521 iaciens.
1654 4463 1707 4521 llic
1722 4464 1794 4521 idem
1803 4459 1901 4519 eximius

303 4589 380 4647 papa
396 4569 486 4627 altare
501 4563 577 4621 beati
595 4561 675 4618 Pauli
693 4558 817 4633 apostoli
832 4573 892 4614 una
905 4574 972 4614 cam
988 4558 1121 4629 eJ'usdem
1136 4557 1312 4614 confessoris
1327 4557 1439 4615 loribus
1461 4577 1532 4617 auro
1556 4561 1668 4618 mundo
1689 4563 1778 4619 sacris
1789 4562 1901 4618 decorans

249 4675 283 4730 tt
301 4669 433 4728 historiis
448 4663 571 4722 mirifice
586 4659 708 4728 ornavit,
725 4674 806 4730 pens.
825 4655 892 4712 libr.
908 4659 1026 4714 eentum
1042 4654 1181 4728 triginta;
1198 4656 1249 4712 sed
1265 4659 1292 4711 st
1307 4659 1388 4713 sarta
1408 4659 1485 4713 tecta
1507 4658 1585 4715 tituli
1611 4664 1777 4717 sanctorum
1799 4660 1901 4726 Qantuor

301 4768 521 4830 coronatorum,
538 4776 602 4833 quae
616 4757 645 4814 in
663 4755 757 4813 ruinis
770 4752 942 4823 existebant,
959 4753 1057 4810 trabes
1072 4751 1182 4808 ibidem
1206 4750 1307 4825 plures
1334 4753 1499 4826 imponens,
1516 4755 1617 4812 omnia
1630 4775 1648 4814 a
1663 4775 1735 4815 novo
1748 4751 1898 4813 metarunt.

301 4867 374 4920 ltom
389 4861 457 4918 lecit
471 4863 608 4934 patenam
623 4859 651 4913 et
664 4854 784 4912 calicem
800 4853 830 4908 in
850 4851 972 4910 basilica
995 4849 1072 4907 beati
1098 4848 1173 4907 Petri
1197 4835 1321 4924 apostoli
1345 4867 1397 4923 pro
1421 4851 1600 4926 quotidianis
1628 4853 1834 4912 ministeriisex
1846 4863 1899 4908 auro

300 4959 555 5033 purissimopons.
567 4952 657 5012 simul
669 4952 734 5009 libr.
746 4950 994 5026 vigintiquatuor.
1007 4953 1081 5004 Item
1092 4946 1281 5006 beatissimus
1292 4947 1337 5004 vir
1346 4947 1414 5006 iecit
1424 4950 1454 5006 in
1466 4950 1588 5008 ecclesia
1598 4958 1706 5010 sanotae
1717 4951 1763 5010 Dei
1773 4945 1899 5009 Geniiriois

299 5054 396 5114 Mariae
411 5055 447 5108 ad
462 5059 591 5124 Prasepe
608 5055 743 5124 putenam
759 5053 788 5106 ct
803 5046 923 5104 calicem
939 5049 1074 5103 sanctum
1095 5062 1129 5102 ex
1145 5062 1217 5103 auro
1240 5045 1356 5119 obryzo,
1369 5063 1452 5120 pens.
1468 5046 1559 5105 libras
1581 5049 1694 5124 viginti.
1710 5054 1779 5106 Item
1793 5047 1818 5103 in
1833 5041 1897 5101 titulo

244 5156 281 5213 20
299 5151 446 5222 Eudoxiae,
457 5147 591 5205 videlicet
601 5147 677 5203 beati
690 5147 766 5202 Petri
778 5144 901 5218 apostoli
912 5145 949 5201 ad
958 5141 1092 5214 Vincula,
1105 5143 1174 5201 lecit
1182 5142 1311 5201 canistra
1321 5144 1487 5218 duodecim,
1499 5162 1581 5219 pens.
1592 5146 1683 5204 libras
1697 5147 1808 5220 triginta
1820 5159 1868 5208 sea,
1876 5141 1899 5194 el

298 5247 453 5324 delphinos
478 5262 530 5320 por
553 5243 682 5300 diversas
705 5259 828 5300 coronas
852 5241 974 5315 triginta
989 5241 1129 5315 quinque,
1141 5259 1225 5316 pens.
1240 5241 1331 5299 libras
1346 5247 1430 5312 octo;
1447 5243 1614 5319 pariterque
1627 5249 1655 5302 et
1669 5242 1812 5303 eeclesiam
1826 5241 1895 5296 beata

298 5347 422 5416 Sabina,
437 5344 525 5402 sitam
541 5342 571 5398 in
587 5340 732 5398 territoria
744 5337 947 5406 Forentinello,
963 5355 1068 5396 anovo
1082 5339 1236 5413 reparavit.
1253 5339 1304 5396 llic
1320 5339 1383 5413 ipse
1397 5340 1544 5400 almisicus
1559 5341 1664 5417 presul
1680 5342 1746 5400 lecit
1759 5341 1785 5398 in
1800 5334 1896 5398 basilica

296 5445 372 5506 beati
389 5442 468 5502 l'auli
484 5437 608 5516 apostoli
625 5441 763 5510 patenam
779 5454 813 5494 ex
829 5453 899 5493 auro
914 5437 1029 5510 obryzo,
1044 5453 1111 5494 oum
1126 5436 1215 5496 calice
1228 5440 1341 5507 sancto,
1357 5453 1479 5510 pensan.
1496 5439 1586 5497 simul
1601 5441 1691 5499 libras
1704 5437 1809 5514 viginti.
1971 5451 1972 5509 l

329 5543 408 5603 854
429 5539 570 5600 Similiter
577 5537 643 5595 etin
651 5534 774 5592 ecclesia
782 5533 858 5590 beati
875 5535 1021 5592 Laurentii
1038 5535 1173 5608 martyris
1187 5536 1257 5592 loris
1273 5551 1391 5594 marum
1406 5537 1475 5593 lecit
1489 5554 1524 5594 ex
1539 5555 1610 5596 auro
1624 5537 1892 5614 purissimopateaam

213 5655 218 5662 '
295 5659 364 5700 cam
378 5641 467 5699 calice
483 5641 596 5706 sancto,
611 5649 733 5710 pensan,
750 5632 838 5690 simul
855 5631 944 5690 libras
959 5633 1140 5706 quindecim.
1157 5633 1228 5688 llam
1253 5631 1417 5691 diaconiam
1446 5640 1616 5694 sanctorum
1644 5634 1733 5710 Sergii
1759 5637 1786 5690 et
1808 5623 1891 5687 Bacchi

294 5739 426 5812 ejusdem
438 5738 576 5796 diaconia
587 5734 783 5807 dispensator,
795 5735 913 5806 propter
928 5734 1038 5788 metum
1054 5728 1167 5803 templi,
1177 5729 1253 5802 quod
1264 5729 1353 5788 situm
1363 5749 1510 5808 supcreas
1522 5735 1682 5806 videbatur,
1693 5735 1891 5796 evertenssoper

295 5836 429 5909 eamdem
445 5834 597 5896 ecclesiam
612 5849 629 5890 a
644 5830 844 5892 laudamentis
858 5830 954 5908 ipsam
969 5827 1121 5888 basilicam
1137 5825 1351 5890 exterminavit.
1372 5833 1466 5906 Quam
1489 5837 1653 5896 restaurare
1674 5829 1788 5894 minime
1800 5823 1888 5892 valeas,
