4048 6174
239 227 315 293 l09l
815 222 1023 287 snasrlstt
1045 222 1375 286 Brutro'rttnulan.
1830 238 1889 302 ιω,

320 366 383 422 tem
413 355 585 420 australem
613 356 775 420 declinans
801 375 821 420 a
849 357 956 422 Gallim
996 357 1140 440 partibus
1173 357 1206 418 in
1241 354 1522 438 Langobardorum
1558 360 1672 436 partos.
1705 360 1802 445 ltaque
1830 387 1893 434 unua

322 485 360 527 cx
389 465 506 527 eisdem
536 467 728 528 Francorum
758 465 870 541 missis,
901 465 1020 527 scilicet
1046 462 1238 527 Anteharius
1263 464 1339 538 dux,
1368 462 1558 544 quantocius
1580 465 1750 544 praecedens
1769 469 1893 557 hohan,

280 576 298 636 5
328 591 400 636 eum
429 572 631 653 praestolatus
659 579 717 636 est.
747 573 824 636 Cum
853 591 927 634 varo
956 571 1243 654 appropinquasset
1266 571 1333 651 jam
1362 571 1444 633 latus
1479 569 1677 633 beatissimus
1710 593 1785 658 papa
1808 580 1842 642 ad
1862 583 1895 644 οἱ.

319 680 451 743 vitutem
481 680 626 761 Papiam,
656 679 772 742 direxit
809 679 849 742 sd
886 697 958 740 eum
996 679 1166 760 smpelatus
1190 677 1345 740 histullus
1379 676 1589 759 nequissimus
1624 697 1678 741 rex
1707 680 1804 746 mbsos
1831 705 1895 764 snos,

319 789 482 851 obtestans
508 805 581 849 enm
611 785 699 848 nulla
728 786 854 866 penitus
882 785 1004 849 ratione
1032 785 1148 848 audere
1185 784 1317 847 verbum
1350 783 1397 846 illi
1423 784 1528 847 dicere
1555 785 1681 872 petendi
1707 789 1897 857 &renuatiari

319 896 478 958 civitatem
508 899 540 956 et
567 893 772 956 exarchatum
803 893 833 955 ei
860 893 1083 974 pertinentem,
1110 892 1162 954 rel
1189 892 1228 954 de
1260 891 1390 972 reliquis
1426 891 1609 972 reipublicae
1648 891 1731 968 locis,
1758 913 1819 976 qua
1848 899 1899 981 ipso

319 1002 369 1066 vel
398 999 468 1082 ejus
505 1000 753 1083 predecessores
787 999 1071 1080 Langobardorum
1107 1017 1197 1078 reges
1232 997 1425 1060 invaserant.
1454 997 1511 1060 llls
1537 1016 1612 1061 vcro
1647 998 1692 1061 ita
1723 1001 1750 1062 ei
1778 1003 1849 1066 misit
1873 1007 1898 1070 in

259 1112 299 1174 10
320 1109 478 1192 responsis
506 1126 650 1171 asserens
678 1108 761 1188 quod
792 1107 909 1170 nullius
934 1105 1154 1188 trepidationis
1182 1111 1301 1168 terrore
1328 1105 1437 1168 sileret
1460 1104 1678 1188 hujuscemodi
1704 1109 1818 1188 petendi
1841 1130 1899 1174 cau-

318 1235 386 1280 sam
415 1214 466 1298 (a).

362 1331 448 1386 m
475 1319 695 1400 conjungente
722 1338 798 1383 varo
826 1337 863 1384 eo
892 1318 1022 1400 Papiam
1061 1318 1094 1381 in
1134 1318 1303 1393 civitatem,
1338 1325 1370 1380 ct
1396 1317 1548 1400 praedicto
1582 1318 1717 1382 notando
1750 1321 1810 1401 regi
1839 1343 1900 1406 pre·

320 1435 454 1507 sentuto,
485 1429 579 1510 plura
605 1427 653 1488 illi
682 1426 792 1490 tribuit
818 1444 963 1501 munera,
992 1431 1024 1489 ct
1051 1425 1145 1488 nimis
1171 1444 1244 1489 oum
1273 1425 1456 1488 obsecratus
1484 1430 1532 1488 est
1562 1430 1658 1506 atque
1692 1425 1824 1509 lacrymis
1845 1449 1900 1511 pro·

319 1538 396 1600 lusis
423 1555 496 1599 eum
525 1535 635 1616 petivit
662 1539 698 1596 ut
726 1534 918 1608 Dominicas,
959 1551 1039 1613 quas
1077 1532 1262 1608 abstulerat,
1291 1533 1438 1596 redderet
1464 1551 1550 1610 ores,
1572 1539 1605 1595 et
1642 1533 1765 1614 propria
1795 1537 1902 1617 pmpriis

318 1644 508 1708 restitueret.
539 1641 601 1706 Sed
622 1641 709 1704 nullo
737 1639 832 1704 modo
862 1639 947 1722 apud
975 1659 1047 1702 eum
1074 1639 1143 1703 haec
1170 1639 1342 1721 impetrare
1356 1639 1466 1702 valuit.
1483 1641 1562 1701 Nam
1591 1645 1625 1703 et
1644 1639 1805 1722 imperialis
1816 1641 1902 1705 uben

279 1751 415 1814 5simili
443 1749 537 1812 modo
565 1747 666 1830 peciit,
696 1753 729 1811 et
754 1746 935 1830 imperiales
962 1747 1084 1810 litteras
1111 1746 1158 1809 illi
1184 1747 1306 1821 tribuit,
1335 1752 1368 1810 st
1402 1745 1448 1808 nit
1475 1745 1619 1810 obtinere
1652 1747 1762 1829 potnit.
1787 1749 1903 1811 Pradicti

319 1877 394 1922 vero
422 1860 617 1919 Francorum
647 1853 734 1916 missi
770 1853 982 1916 imminebant
1016 1853 1141 1916 lortiter
1176 1853 1262 1934 apud
1300 1851 1445 1916 eumdem
1482 1853 1667 1928 histnllum,
1702 1858 1736 1916 ut
1767 1855 1904 1938 prelatum

319 1964 551 2030 sanctissimum
580 1980 697 2044 papam
724 1961 757 2024 in
786 1961 951 2023 Franciam
981 1979 1112 2042 pergere
1144 1959 1314 2022 relaxaret.
1350 1960 1398 2022 td
1436 1961 1506 2023 haec
1542 1977 1719 2023 convocans
1752 1960 1904 2042 jamdictum

318 2071 537 2134 beatissimum
567 2069 669 2130 virum
696 2067 916 2146 interrogavit,
946 2067 974 2129 si
1000 2066 1070 2148 ejus
1097 2065 1139 2149 (t)
1170 2066 1203 2128 in
1231 2065 1396 2130 Franciam
1426 2067 1619 2148 properandi
1656 2073 1735 2130 esset
1768 2068 1905 2132 voluntas?

320 2177 411 2252 Quod
439 2175 585 2238 videlicet
612 2175 665 2236 ille
693 2192 895 2254 nequaquam
923 2173 1022 2248 siluit,
1053 2173 1108 2234 sed
1134 2191 1224 2234 snam
1251 2173 1300 2234 illi
1335 2172 1515 2254 propalavit
1552 2175 1756 2238 voluntatem.
1783 2175 1860 2237 Unde
1881 2194 1906 2258 q

259 2289 298 2350 10
318 2285 368 2348 leo
398 2283 543 2345 dentibus
571 2281 737 2355 fremebat,
765 2299 823 2362 pro
852 2300 915 2362 quo
944 2285 976 2343 et
1005 2280 1135 2343 diversis
1149 2279 1271 2342 vicibus
1296 2299 1369 2344 suos
1398 2281 1549 2344 satellites
1577 2282 1619 2344 ad
1647 2301 1718 2346 cum
1740 2283 1814 2344 clam
1833 2281 1904 2354 misit,

318 2399 354 2454 ut
377 2410 449 2456 cum
477 2406 605 2472 quoquo
634 2388 728 2452 modo
755 2406 775 2449 a
799 2387 856 2450 tali
882 2387 1007 2450 intentu
1033 2387 1071 2468 (c)
1093 2387 1299 2450 declinarent.

360 2507 441 2563 ut
471 2497 557 2560 Alias
585 2514 671 2572 varo,
702 2500 856 2576 praesente
894 2494 1080 2574 Rodigango
1117 2494 1314 2557 sanctissimo
1352 2495 1511 2578 episcopo,
1550 2496 1758 2578 interrogavit
1790 2497 1906 2559 eumden

318 2605 535 2670 beatissimum
561 2621 677 2685 papam
696 2601 764 2682 jam
793 2603 875 2663 latus
903 2601 1184 2680 longobardorum
1212 2620 1267 2663 rex
1296 2602 1323 2664 si
1349 2603 1431 2665 uelle
1460 2601 1592 2665 haberet
1627 2603 1788 2667 Franciam
1820 2603 1908 2665 ambu-

317 2713 406 2778 laudi
422 2712 475 2796 (d),
504 2718 536 2774 et
562 2697 607 2773 ita
634 2707 748 2772 allatus
774 2714 822 2771 est
849 2707 885 2791 (e)
918 2725 925 2770 :
957 2708 1047 2783 Ouod
1074 2707 1101 2770 si
1124 2714 1179 2772 tua
1202 2708 1348 2772 voluntas
1370 2714 1418 2772 est
1441 2728 1492 2772 me
1516 2711 1692 2788 relaxandi,
1717 2729 1785 2775 mea
1806 2711 1907 2774 omuino

318 2827 365 2885 est
393 2817 589 2883 ambulandi.
619 2819 708 2879 'luno
734 2815 898 2878 absolutus
925 2821 972 2879 ost
999 2816 1040 2878 ab
1055 2834 1104 2878 eo.
1134 2821 1166 2878 et
1186 2835 1350 2878 assumens
1374 2835 1414 2880 ex
1441 2815 1536 2898 hujus
1564 2825 1682 2882 sauctse
1708 2819 1763 2882 Dei
1791 2816 1908 2880 Ecclesia

278 2926 534 2991 deacerdotihus
561 2930 593 2986 et
620 2923 715 2998 claro,
745 2923 778 2983 id
806 2929 865 3001 est,
894 2923 1061 3002 Georgium
1091 2921 1275 3005 episcopum
1311 2922 1510 3000 Ostiensienr,
1538 2925 1723 2989 Wilearinm
1753 2924 1907 3006 inepisco-

317 3053 393 3117 pum
422 3036 671 3107 Numentanum,
701 3032 848 3106 Leonem,
878 3029 1074 3111 Philippum,
1105 3029 1274 3109 Georgium
1306 3037 1339 3092 et
1375 3030 1573 3112 Stephanum
1600 3031 1807 3114 presbyteros,
1832 3031 1910 3094 'lheo-

317 3140 502 3223 phylaotnm
531 3137 801 3222 archidiaconum,
830 3136 968 3199 Pardum
997 3141 1029 3198 et
1056 3136 1254 3200 Gemmulum
1283 3137 1444 3214 diaconos,
1474 3137 1678 3200 Ambrosium
1715 3134 1908 3219 primicerium,

316 3245 513 3311 Bonilacinm
541 3244 725 3319 secundum,
755 3245 892 3307 Leonem
921 3248 953 3305 et
976 3241 1238 3324 Christophorum
1263 3244 1459 3323 regionarios
1486 3262 1592 3307 secum
1616 3249 1649 3307 et
1671 3248 1806 3321 caeteros,
1823 3241 1909 3322 quinta

316 3355 440 3418 decima
467 3353 519 3416 dia
544 3369 650 3414 meuse
678 3350 863 3413 Novembris
891 3349 1050 3431 predicta
1087 3350 1229 3431 septima
1266 3350 1449 3414 indictionis
1476 3369 1495 3414 a
1523 3351 1652 3414 ciuitate
1679 3350 1776 3433 Papia
1807 3363 1909 3411 movens

257 3463 297 3524 l0
318 3480 410 3525 suum
431 3461 464 3523 in
493 3459 657 3522 Franciam
686 3457 845 3539 proiectus
873 3463 919 3518 est
945 3457 1018 3520 iter·

358 3574 441 3630 m
478 3567 520 3628 Εἰ
558 3571 629 3645 post
669 3561 739 3642 ejus
775 3562 1008 3624 absolutionem
1050 3561 1156 3626 adhuc
1198 3563 1359 3628 nitebatur
1385 3563 1618 3647 suprascriptus
1660 3562 1909 3645 Langobardomn

318 3693 374 3736 rex
402 3691 422 3734 a
448 3671 599 3752 praedioto
627 3669 739 3731 itinere
767 3687 839 3732 eum
869 3669 1006 3743 deviare,
1036 3670 1123 3751 quod
1152 3672 1280 3734 minime
1308 3673 1410 3753 ipsum
1442 3673 1677 3735 sanctissimum
1705 3673 1803 3736 virum
1828 3667 1909 3730 latuit.

318 3780 409 3843 Unde
437 3782 468 3842 et
498 3795 568 3839 cum
607 3775 705 3838 nimia
742 3775 901 3838 celeritate
938 3777 1003 3838 Deo
1034 3775 1152 3858 praevio
1181 3778 1226 3840 ad·
1259 3780 1452 3840 Francorum
1490 3777 1658 3858 conjunxit
1687 3778 1727 3862 (q)
1755 3778 1848 3840 clusas
1871 3771 1909 3854 (l).

318 3886 402 3960 Quas
428 3884 589 3964 ingressus
618 3901 688 3950 curn
715 3881 765 3943 his
793 3882 848 3962 qui
876 3901 948 3944 cum
978 3901 1015 3945 eo
1045 3889 1147 3959 erant,
1178 3884 1342 3946 contestim
1371 3883 1481 3946 laudes
1506 3885 1723 3966 omnipotenti
1749 3887 1810 3947 Deo
1830 3875 1911 3943 reddi·

278 3993 375 4055 suit.
405 3993 445 4054 Et
471 3994 609 4071 caeptum
649 3988 796 4069 gradiens
833 3989 906 4065 iter,
943 3989 984 4051 ad
1020 3990 1201 4054 venerabile
1241 3991 1467 4053 monasterium
1504 3992 1607 4054 sancti
1644 3991 1760 4054 uhruti
1794 3985 1912 4065 martyn’t

318 4097 461 4164 Mauricii
487 4096 643 4178 pervenit,
670 4095 703 4160 in
730 4115 794 4176 quo
822 4100 854 4159 et
879 4095 1083 4159 constitutum
1112 4103 1181 4159 erat
1207 4097 1327 4179 pariter
1355 4115 1461 4160 secum
1499 4100 1694 4160 Francorum
1733 4113 1831 4178 regern
1854 4108 1911 4153 con·

317 4205 438 4281 reniri;
467 4207 628 4266 annuente
654 4202 789 4266 Domino
816 4219 924 4285 sospes
951 4202 1050 4266 isdem
1078 4203 1278 4266 beatissimus
1313 4205 1454 4286 pontifex
1483 4223 1554 4268 oum
1592 4205 1742 4268 omnibns
1776 4201 1826 4284 qui
1858 4213 1911 4259 cum

318 4333 355 4378 co
384 4317 488 4387 erant,
510 4309 649 4374 advenit.
674 4311 709 4372 ln
739 4327 803 4391 quo
830 4313 863 4372 et
890 4309 1063 4391 aliquantis
1090 4310 1290 4374 demorantes
1318 4311 1440 4388 diebus,
1469 4311 1707 4394 conjunxerunt
1733 4310 1768 4393 (r)
1792 4309 1823 4371 in
1849 4319 1911 4386 pru·

318 4419 402 4484 dicto
429 4417 603 4483 venerabili
630 4417 822 4480 monasterio
851 4417 1007 4480 Fnlradus
1035 4417 1134 4480 abbas
1162 4422 1194 4482 et
1219 4417 1400 4481 liuthardus
1429 4418 1469 4502 (pl
1500 4419 1577 4494 dux,
1605 4418 1720 4483 directi
1747 4412 1911 4496 asaemltlt

257 4532 297 4592 ro
316 4529 452 4611 Pippino
480 4523 742 4590 excellentissimo
780 4525 974 4586 Francorum
1006 4542 1093 4605 rega,
1123 4529 1266 4606 petentes
1303 4526 1450 4588 eumdem
1487 4527 1724 4589 sanctissimum
1762 4519 1911 4608 pontilaen

319 4636 359 4698 ad
387 4653 478 4698 suum
507 4631 655 4715 progredi
684 4649 802 4712 regem.
830 4632 929 4705 Quem
957 4635 1082 4694 etcum
1113 4650 1229 4713 magno
1258 4631 1380 4697 honore
1421 4651 1493 4696 cnm
1528 4635 1676 4698 omnibns
1714 4633 1768 4716 qui
1802 4645 1862 4693 cum
1883 4639 1911 4684 0⁰

318 4748 410 4806 erant
435 4741 476 4804 ad
503 4755 576 4802 eum
602 4739 813 4802 deduxerunt.
1686 4719 1691 4732 ’

359 4856 441 4911 m
471 4846 609 4909 Audiens
637 4865 712 4908 vero
738 4845 838 4909 isdem
868 4863 924 4908 rex
950 4845 1090 4927 ejusdem
1118 4847 1292 4911 beatissimi
1319 4849 1479 4930 pontilicis
1512 4848 1699 4926 adventum,
1732 4846 1820 4910 nimis
1843 4836 1911 4904 lost·

319 4959 432 5017 nanter
458 4954 492 5016 in
520 4953 590 5033 ejus
617 4953 745 5015 advenit
772 4971 949 5030 occursum,
981 4973 1044 5016 uua
1071 4973 1144 5016 cum
1171 4953 1320 5035 conjuge,
1348 4955 1422 5017 tiliis
1457 4956 1554 5018 etiam
1590 4963 1623 5019 et
1653 4953 1844 5038 primatibus,
1867 4961 1911 5026 pti

318 5081 381 5145 quo
409 5067 442 5123 et
469 5059 604 5122 allerens
632 5065 758 5122 centum
787 5060 826 5143 (lc)
856 5060 956 5122 millia
982 5061 1082 5122 fllium
1111 5079 1204 5124 suum
1227 5060 1356 5125 nomine
1383 5063 1532 5126 carolum
1569 5063 1603 5125 iu
1638 5079 1803 5126 occursum
1836 5051 1912 5138 ipsius
1978 5047 1979 5130 l

321 5167 495 5249 coangelici
522 5185 614 5248 papa
643 5166 759 5229 direxit
785 5185 857 5229 cum
885 5167 1044 5249 aliquibus
1071 5186 1109 5231 ox
1138 5169 1203 5232 suis
1238 5167 1455 5250 optimatibus.
1483 5171 1617 5251 Ipseque
1644 5169 1679 5231 in
1718 5165 1829 5250 palatio
1859 5174 1910 5228 suo,
1978 5167 1979 5182 ¹

280 5278 360 5342 tin
387 5277 457 5340 loco
486 5273 542 5356 qui
571 5277 703 5336 vocatur
729 5275 914 5352 Ponticone,
945 5275 986 5339 ad
1013 5275 1079 5338 fera
1115 5275 1210 5338 trium
1241 5275 1375 5338 millium
1404 5276 1542 5358 spatium
1569 5275 1764 5341 descendens
1789 5273 1826 5335 dc
1849 5279 1912 5347 equo
1978 5359 1979 5374 χ

827 5478 953 5527 uotum
974 5477 1167 5526 nundinatus
1188 5478 1346 5527 rursum.

285 5627 313 5696 a)
328 5643 380 5709 pro
394 5623 506 5711 pallius
521 5620 715 5720 trepidatiqne
728 5622 848 5706 terroris
863 5621 1013 5708 sileretab
1038 5623 1218 5708 ejuscemodi
1247 5623 1363 5707 petendi
1391 5639 1490 5680 causa.
1506 5622 1544 5697 (t)
1559 5621 1585 5708 cl
1600 5625 1636 5694 (c)
1650 5620 1816 5705 intentiquo.
1830 5609 1882 5695 (alif
1893 5602 1911 5662 tl

238 5687 674 5848 tttttttttttttlt.
690 5694 1649 5846 ‹tttthtttttutltlstfttlttt“thret
1662 5687 1910 5769 “mm
