4098 6186
86 209 136 285 111
407 211 592 275 HISTORIA
615 213 666 276 ab
690 213 794 278 vlrls
820 216 915 282 ROM.
940 215 1056 282 PON'l.
1082 251 1120 266 -·
1145 221 1177 284 S.
1200 219 1461 289 innectamus
1729 229 1810 296 11ὃὶ

82 347 196 427 prepter
208 341 241 400 iu
258 347 321 401 tato
336 343 523 428 antechristi
540 345 590 404 Dei
612 347 704 429 poetri
720 347 827 406 diffusa
841 366 907 422 pro·
921 352 950 420 Α
966 351 1090 424 aliisque
1105 353 1250 428 episcopis
1265 354 1295 410 in
1310 356 1432 413 concilio
1446 360 1667 422 considentibus
1687 368 1786 422 retuc-

81 418 205 473 ridentra
220 415 349 489 probare
364 417 544 499 dignabitur,
561 435 692 492 accipere
711 437 764 476 nos
788 421 907 478 omnino
965 429 1032 479 rant
1047 425 1077 479 in
1092 424 1202 482 clerum
1219 425 1394 482 catholicum
1411 429 1498 502 recipi
1513 430 1634 489 clericos
1654 434 1788 494 Ecclesia

82 506 133 546 nan
148 505 237 560 posse
249 504 315 560 quae
327 487 486 570 Ecclesiam
503 489 801 562 maculent,pcebatos
812 509 908 550 meree
962 494 1192 564 Donatistarum,
1205 495 1272 552 licet
1286 497 1439 554 schismati
1455 503 1666 560 renuntiarent.
1677 503 1786 563 Verum

82 564 215 627 evertant,
232 576 323 641 aupes
339 562 595 642 circumstantium
620 562 782 630 vulnerent,
795 564 848 636 jur
870 563 906 634 'a,
961 566 1089 624 Africani
1111 567 1211 624 Patres
1232 569 1406 642 Carthagine
1432 570 1468 626 ad
1492 574 1649 630 concilium
1673 576 1787 634 collecti

82 631 410 758 imadissensrouescppe
426 631 594 703 disponant,
612 654 625 682 a
641 635 751 700 elctlui
766 634 800 690 de
820 652 850 690 re
873 653 907 692 us
961 654 1007 692 xvr
1025 637 1085 693 lial.
1100 639 1115 694 J
1121 639 1192 706 unii,
1209 639 1403 698 Ecclesiurum
1419 641 1468 697 llei
1480 661 1532 716 per
1544 645 1670 701 Africam
1681 649 1787 704 consti·

83 699 287 761 ecclesiasticis
303 703 362 758 scri
385 705 439 757 unt
453 702 591 759 deberent
605 705 733 776 prolecto
755 705 807 762 hos
827 705 908 762 illus·
960 711 1091 764 tutorum
1118 709 1320 766 necessitatem
1350 719 1509 769 extremam
1546 721 1725 788 reputantes,
1755 724 1787 776 ut

81 783 132 832 tres
146 774 338 830 characteres
362 775 544 832 auctoritatis
569 776 724 847 pontificiae
741 794 797 850 prce
814 778 906 834 oculis
961 778 1057 835 clerici
1073 779 1183 838 eisdam
1205 782 1354 854 darentur,
1371 783 1483 856 legatos
1505 790 1533 842 et
1557 785 1670 842 litteras
1693 790 1730 844 ad
1754 791 1784 848 S.

82 847 179 929 babere
193 845 324 926 aliisque
339 861 511 928 proponere,
537 846 646 930 potius,
663 865 752 972 paam
771 853 906 906 truncata
959 851 1146 908 Anastasium
1172 852 1303 920 mittunt,
1320 872 1432 911 necnon
1448 857 1669 924 advenerim,
1692 864 1725 914 ut
1749 861 1785 917 de
1838 884 1843 894 ·

80 925 245 974 mumoma
260 921 312 972 aut
327 917 477 988 ambigua,
499 933 562 988 qua
587 935 616 973 rn
641 935 675 974 vu
690 937 744 992 gas
770 935 906 992 spargere
959 922 1115 994 disciplina
1139 923 1246 980 decreti
1270 925 1403 980 nonnihil
1433 928 1623 996 remitterent,
1641 929 1732 986 donec
1747 931 1783 987 ab

79 988 358 1062 ineptestudent,ad
374 987 456 1044 illam
470 991 630 1046 contralas
645 991 906 1064 omnedcprimen·
959 993 1058 1066 inopia
1072 995 1274 1052 ministrarum
1297 997 1431 1054 Ecclesia
1454 999 1596 1056 Africanae
1620 1000 1782 1058 relevaren-

79 1062 151 1116 dam.
958 1069 1016 1121 tur.
1033 1065 1144 1124 littera
1158 1069 1302 1123 nrittaatar
1316 1068 1351 1122 ad
1365 1073 1465 1142 [ratres
1488 1079 1514 1126 ct
1537 1074 1702 1146 coepiscopos
1716 1089 1783 1128 aas·

108 1132 198 1187 Linea
213 1131 242 1186 5.
262 1161 296 1172 —
312 1130 457 1214 Constituit
470 1131 553 1215 anila
565 1133 672 1215 ratimac
687 1135 905 1190 transmarinam
959 1145 1024 1201 tros,
1041 1145 1067 1192 ct
1080 1139 1202 1193 manime
1225 1139 1259 1194 aa
1281 1139 1370 1195 sedem
1394 1143 1578 1211 apostaticam,
1595 1148 1649 1210 etc,
1671 1144 1712 1199 Ex
1735 1143 1782 1200 his

75 1201 260 1284 lommcnalad
274 1203 436 1258 clenentiam
449 1205 751 1277 cusmpa,msipainpac
764 1207 904 1278 episcopa·
958 1208 1134 1264 testimoniis
1150 1213 1240 1282 patet,
1258 1210 1293 1266 ab
1310 1210 1440 1268 eeclesiis
1454 1214 1598 1272 Africanis
1613 1215 1781 1289 recognosci

75 1273 319 1356 ram-dampnaret
341 1273 562 1346 claircpraplzam,
606 1284 695 1348 rapter
722 1277 902 1358 plantabam.
957 1280 1155 1336 transmarino
1171 1281 1200 1337 in
1216 1285 1321 1348 tractu,
1338 1282 1368 1337 in
1391 1283 1482 1352 ltalia,
1499 1289 1672 1358 potestatam
1694 1305 1728 1342 su
1752 1303 1782 1344 e·

75 1347 186 1404 Sumrcr
201 1344 243 1399 rba
259 1360 325 1417 cap.
341 1361 370 1411 v,
387 1361 464 1401 anno
480 1346 553 1402 401:
597 1347 902 1405 uoconcrbaCartbu-
957 1350 1108 1422 riorem,a
1142 1369 1180 1407 un
1194 1351 1221 1408 le
1242 1369 1273 1409 es
1288 1353 1343 1408 sibi
1360 1354 1423 1410 dari
1439 1372 1524 1428 posse
1545 1357 1682 1425 latentur,
1708 1304 1781 1414 iliis·

76 1419 137 1492 gine
150 1415 302 1498 celebrata
316 1421 398 1482 sunt,
415 1410 544 1499 primum
558 1433 606 1500 avr
622 1417 684 1474 Kal.
700 1419 902 1502 turciiptalte·
957 1369 1187 1504 praeparantium
1204 1369 1260 1480 siin
1276 1439 1340 1481 esse
1355 1426 1487 1482 sentiunt
1501 1428 1704 1496 omnincdcao
1740 1445 1783 1484 ro·

76 1505 136 1572 rurp
150 1487 257 1571 Idibus
274 1487 467 1560 Septembris,
484 1490 636 1562 inquibus
651 1494 819 1546 testimonia
834 1491 901 1548 rllu-
957 1496 1086 1563 mittunt,
1103 1499 1137 1550 ut
1150 1493 1198 1550 hic
1213 1495 1393 1552 adamussim
1409 1498 1598 1556 observandis
1623 1499 1701 1556 circa
1719 1446 1781 1556 ilo·

78 1565 146 1617 sura
159 1575 191 1616 re
213 1575 339 1616 enmue.
956 1564 1089 1622 natistas.
1102 1565 1208 1623 cnara
1221 1566 1282 1623 vide
1297 1569 1327 1622 ia
1342 1570 1414 1624 notis
1428 1569 1531 1638 Papii..

108 1575 241 1690 Pontifex
255 1629 433 1688 Anastasius
447 1646 515 1690 cum
533 1629 656 1688 Venerio
680 1631 900 1702 Mediolanensi,
914 1627 919 1640 ⁵

609 2047 711 2118 XLll.
740 2048 928 2122 SANCTUS
952 2050 1244 2124 lNNOCliNTlUS.

556 2281 639 2329 aare
661 2283 783 2332 canrsrr
808 2270 879 2348 402,
906 2286 1029 2334 naman
1054 2288 1092 2336 aa
1116 2289 1241 2338 aenean
1262 2277 1293 2336 8.

188 2674 458 2751 ”Innocentius
475 2678 595 2740 natione
609 2677 794 2754 Albancnsis,
810 2697 848 2741 ca
859 2689 947 2762 patre
961 2680 1143 2756 Innocentio,
1160 2681 1235 2742 cadit
1247 2701 1340 2744 anctos
1360 2681 1539 2764 qaindecim,
1556 2700 1664 2744 memes
1683 2682 1775 2756 duos,

150 2780 208 2842 dics
221 2783 336 2862 viginti
353 2782 405 2864 (a).
423 2783 479 2844 llic
493 2785 699 2846 constitutum
716 2785 789 2846 lecit
803 2786 842 2847 de
857 2787 944 2848 omni
959 2787 1108 2862 Ecclesia,
1126 2793 1158 2848 et
1182 2788 1221 2848 de
1238 2789 1361 2868 regulis
1383 2788 1657 2860 monasteriorum,
1683 2793 1714 2849 et
1736 2788 1776 2850 de

148 2889 277 2961 ludaeis,
294 2893 327 2950 et
341 2889 380 2950 de
396 2890 538 2969 paganis,
557 2895 588 2951 et
604 2891 717 2952 mullos
732 2891 951 2973 Catapbrygas
964 2892 995 2953 in
1012 2893 1089 2955 urbo
1104 2892 1235 2968 invenit,
1252 2912 1332 2974 quos
1346 2894 1455 2956 exsilio
1470 2900 1502 2956 ct
1517 2893 1718 2955 monasteriis
1735 2891 1774 2974 (a)

148 2993 311 3075 relegavit.
326 2996 366 3056 lit
380 2994 433 3056 hic
447 2995 567 3056 invenit
580 2996 753 3075 Pelagium,
771 2998 950 3060 Coelestium
967 3000 1141 3074 hereticos,
1159 3005 1191 3062 et
1205 3000 1366 3062 damnavit
1381 3019 1445 3062 cos.
1462 3003 1501 3064 lit
1514 3001 1575 3062 boc
1597 2999 1773 3075 constituit,

114 3103 130 3162 5
148 3108 182 3163 ut
197 3103 361 3183 quinctus
376 3101 472 3163 luerit
486 3102 524 3164 de
539 3103 729 3178 Christiana,
746 3103 850 3167 denuo
874 3125 930 3186 per
953 3106 1145 3187 baptismum
1172 3106 1294 3168 renasci
1322 3107 1447 3174 debeat.
1461 3107 1522 3170 hoc
1546 3112 1594 3169 est
1608 3107 1774 3188 baptizari,

147 3207 231 3290 quod
249 3208 396 3288 Pelagius
410 3208 583 3270 damnabat
599 3207 647 3290 (c).
664 3209 782 3272 Eodem
798 3215 941 3291 tempore
955 3210 1113 3272 dedicavit
1127 3211 1289 3274 basilicam
1304 3219 1483 3275 sanctorum
1502 3213 1642 3275 Gervesii
1657 3218 1688 3274 el
1702 3215 1776 3276 Pro

147 3314 228 3388 tesii,
247 3333 286 3377 ex
303 3314 470 3378 devotione
486 3317 665 3378 testamenti
683 3317 848 3398 cujusdam
871 3318 1002 3380 illustris
1028 3318 1151 3380 leminae
1175 3319 1311 3380 Vastinae
1335 3320 1554 3381 laborantibus
1581 3318 1776 3400 presbyteris

151 3421 293 3484 caucino
310 3421 364 3502 (d),
381 3428 413 3484 et
425 3423 602 3503 Leopardo,
618 3429 649 3484 et
664 3423 798 3485 diacono
813 3423 975 3504 Lybyano.
992 3426 1078 3497 Ouae,
1103 3424 1221 3485 femina
1242 3425 1457 3505 suprascripta
1481 3424 1661 3486 testamenti
1686 3424 1776 3504 pagi·

148 3530 280 3590 namsia
295 3529 466 3604 ordinarit,
482 3534 516 3590 ut
531 3530 693 3592 basilicam
710 3535 890 3592 sanctornm
905 3536 1080 3610 martyrum
1097 3549 1134 3591 ex
1150 3530 1356 3603 ornamentis,
1380 3535 1409 3592 ct
1433 3529 1622 3610 margaritis,
1639 3529 1776 3591 venditis

92 3636 126 3700 10
140 3635 241 3716 justis
254 3635 516 3698 aestimationibus
528 3642 773 3710 construeretur,
792 3642 823 3698 et
838 3643 1018 3698 constructa
1034 3642 1081 3697 est
1097 3655 1195 3716 usque
1211 3637 1250 3697 ad
1267 3637 1451 3717 perlectum.
1474 3638 1510 3697 ln
1534 3654 1596 3716 quo
1618 3636 1686 3697 loco
1701 3635 1776 3695 bea·

143 3742 286 3804 unimus
301 3741 502 3828 innccentius
517 3759 554 3803 ex
569 3741 768 3821 delegatione
782 3742 913 3804 illustris
927 3743 1054 3804 leminea
1067 3723 1205 3804 Vestifroe
1222 3743 1348 3804 titulum
1366 3745 1543 3804 Romanum
1558 3741 1732 3818 constituit,
1744 3747 1777 3803 et

143 3849 176 3910 in
191 3847 306 3910 eodem
319 3847 484 3909 Dominico
498 3848 568 3910 loco
583 3847 619 3929 (e)
635 3849 751 3910 obtulit
764 3854 896 3929 patenas
911 3855 1077 3929 argenteas
1091 3849 1181 3924 duas,
1200 3856 1369 3930 pensantes
1392 3850 1524 3930 singulae
1545 3850 1642 3911 libras
1663 3848 1776 3928 viginti

143 3973 279 4019 coronas
294 3960 461 4035 argenteas
476 3953 654 4028 duodecim,
676 3961 845 4034 pensantes
869 3955 1001 4035 singula
1027 3955 1125 4016 libras
1149 3955 1350 4036 quindecim
1377 3975 1464 4018 ames
1489 3961 1657 4036 argenteas
1681 3954 1771 4034 duas,

144 4069 316 4146 pensantes
330 4060 463 4140 singulae
478 4061 575 4123 libras
590 4060 720 4140 viginti;
738 4061 875 4141 pharum
891 4063 1080 4124 cantharum
1107 4067 1274 4141 argentum
1299 4082 1410 4137 unum,
1436 4081 1572 4142 pensans
1593 4061 1690 4122 libras
1710 4063 1771 4130 22;

94 4175 129 4236 10
148 4175 323 4235 cerostrata
337 4173 489 4247 argentea
503 4173 640 4250 quatuor
655 4167 821 4248 pensantia
842 4166 975 4248 singulae
996 4167 1094 4228 libras
1110 4167 1240 4245 triginta
1265 4167 1422 4246 quinque;
1448 4173 1564 4228 turrem
1590 4171 1772 4246 argenteam

145 4298 215 4342 cum
229 4283 363 4357 patena,
379 4279 410 4335 et
425 4274 573 4336 columba
586 4273 739 4336 deaurata
754 4277 940 4353 pensantem
956 4272 1053 4332 libras
1069 4271 1200 4350 triginta
1214 4287 1222 4342 ;
1240 4270 1443 4332 adornatum
1465 4270 1615 4351 baptismi
1633 4269 1685 4350 (s),
1710 4287 1774 4330 cer.

146 4405 218 4448 curn
236 4387 424 4461 argenteum
440 4381 624 4442 fundentem
641 4398 770 4460 aquam,
787 4385 971 4459 pensantem
986 4378 1084 4439 libras
1098 4377 1365 4458 vigintiquinque
1379 4395 1386 4451 ;
1403 4395 1452 4439 aaa
1466 4376 1507 4440 ad
1518 4376 1613 4438 obem
1628 4374 1772 4438 circana-

146 4494 182 4554 a'c
197 4499 385 4572 arpeatcum,
399 4505 526 4569 peresam
544 4486 636 4550 libras
650 4487 799 4569 quinque;
812 4505 864 4547 aas
878 4484 964 4547 aliud
976 4483 1017 4546 ad
1030 4483 1125 4546 oleam
1139 4484 1351 4558 eaorcr'zatum,
1364 4503 1492 4566 pensam
1507 4481 1598 4544 libras
1621 4482 1751 4564 quiaque
1760 4502 1773 4560 ,·

145 4598 268 4680 pateriae
284 4594 360 4657 duas
373 4594 415 4657 ad
427 4594 565 4670 chrisma,
581 4603 737 4676 pensantes
751 4591 875 4673 siapalae
891 4592 984 4653 libras
1003 4600 1153 4673 piraticam·
1176 4587 1318 4672 cryptam
1341 4598 1514 4670 argenteam
1537 4585 1774 4669 anaplpphatam

99 4709 131 4766 tt
148 4705 186 4786 (p)
199 4710 373 4787 [amantem
388 4700 481 4763 libras
496 4699 592 4761 decem
603 4721 615 4778 ,·
628 4699 770 4780 sappirum
785 4698 881 4760 aliam
896 4707 1080 4778 arpenteam,
1093 4705 1267 4780 pensantem
1280 4696 1373 4758 libras
1399 4695 1517 4769 decem·
1540 4693 1645 4756 calices
1668 4713 1775 4774 arpen-

149 4819 203 4872 tcos
218 4808 364 4892 quinque,
378 4813 534 4887 pensantes
545 4803 660 4884 campali
672 4802 765 4865 tiarae
781 4812 854 4878 tres;
871 4803 975 4865 celime
990 4811 1143 4882 arpentcos
1159 4801 1299 4884 baptismi
1320 4820 1442 4862 numero
1465 4808 1534 4875 tres,
1543 4807 1697 4881 peccantes
1710 4799 1773 4861 scia·

149 4917 212 4997 pati
225 4914 319 4978 libras
331 4912 422 4987 duaa·
431 4919 463 5004 'et
477 4909 539 4973 alia
553 4909 631 4972 dona
645 4909 737 4972 malta
753 4909 878 4990 tarpitas
892 4918 953 4987 cst,·
967 4907 1178 4990 apaamam’ies
1191 4915 1357 4987 arpentcas,
1371 4915 1525 4986 pensantes
1539 4904 1662 4986 scapulae
1680 4903 1774 4967 tiaras

153 5025 205 5094 lo,-
215 5018 464 5108 plraracaalirara
479 5038 556 5080 screa
570 5017 726 5091 sexdecim,
741 5016 896 5098 pensantia
910 5015 1029 5095 sinpaia
1046 5013 1137 5077 libras
1151 5012 1265 5090 dccem,·
1280 5015 1347 5074 item
1360 5011 1614 5093 pharacanthara
1628 5030 1711 5072 aereae
1726 5029 1772 5072 ce·

151 5139 283 5194 castratae
298 5127 341 5210 (Ιι)
358 5128 390 5190 ia
403 5127 517 5210 premio
533 5123 663 5188 basilica
678 5141 799 5186 aanmrc
814 5121 934 5202 aipinti,
948 5129 1104 5203 pensantes
1118 5119 1245 5202 scapulae
1261 5118 1355 5181 lr'bras
1370 5119 1584 5200 qnadrapinta.

661 5379 787 5428 llffl'UlAE
807 5377 1002 5426 annotantes
1022 5377 1179 5423 rtbaorrt.

114 5590 149 5656 (a)
164 5593 193 5660 B,
208 5607 300 5660 mens,
318 5593 345 5662 i,
362 5591 392 5646 d.
409 5589 452 5659 10,
470 5605 486 5644 a
501 5603 576 5644 coss.
592 5587 648 5643 Arc
662 5591 691 5643 et
706 5587 804 5643 Honor
817 5585 835 5641 5
849 5585 885 5641 ad
899 5585 996 5641 Honor
1010 5585 1040 5640 11
1059 5588 1087 5639 et
1102 5581 1306 5640 Constantium
1320 5583 1347 5636 2.
1386 5581 1413 5650 (b
1439 5581 1494 5646 aa,
1510 5580 1540 5634 in
1556 5577 1655 5634 exsilio
1672 5593 1773 5632 mona·

86 5659 165 5741 aerii.
199 5663 342 5748 (⁶)‚Bfltqn
360 5680 367 5717 :
385 5677 440 5718 aaa
454 5660 543 5716 verbis
558 5657 604 5715 aad
618 5661 719 5732 reipsa,
735 5660 802 5784 peip
815 5657 931 5729 napabat
942 5672 1005 5728 pecc
1019 5659 1090 5725 arip.
1128 5655 1166 5727 (ri)
1182 5659 1212 5720 C,
1230 5653 1371 5711 Ursicino.
1421 5651 1488 5722 clii,
1506 5650 1606 5706 eadem
1632 5650 1730 5704 domo.

84 5729 338 5807 fricapanem.
380 5731 463 5803 (p)tl,
481 5729 688 5806 anaglyphum.
727 5729 767 5802 ()
806 5731 980 5785 cerostrata.
