4048 6178
229 265 288 328 267
803 257 1010 320 anastasii
1033 255 1360 319 BlBlilO'l'HEGllill.
1875 257 1934 320 268

229 388 1054 588 lliletthipiliussithith.¹³llttlth¹¹.h.t⁶.¹.3
1069 392 1096 459 Α
1110 393 1226 515 etth
1239 386 1746 540 ittltblb‘bhttfflltt..th
1761 401 1935 539 tileth

229 553 328 611 quam.
345 533 436 592 Greci
485 533 625 589 oltaream
648 536 762 600 vocant,
784 549 833 588 sex
855 533 1055 588 continentem
1109 532 1145 586 ad
1161 530 1275 586 culmen
1293 528 1425 603 provehit
1438 529 1545 594 laudis,
1559 545 1606 584 cui
1623 529 1733 585 cmlites
1748 533 1893 596 accidant,
1909 537 1937 587 et

229 611 356 675 sanctas,
375 610 405 662 et
427 603 608 661 universales
633 605 769 677 synodos,
786 605 815 658 in
832 602 955 658 ecclesia
979 603 1055 658 beati
1112 619 1198 658 oiniie
1213 618 1289 675 genu
1305 603 1439 656 ilectatur
1454 599 1627 664 celestium,
1639 601 1834 668 terrestrium,
1848 605 1878 657 et
1891 601 1936 658 iii·

228 677 305 735 Petri
316 677 526 734 erexerunt.»S
548 676 689 731 nodorum
701 674 872 746 hujusmodi
883 674 1056 730 memoriam
1110 675 1271 730 lernorum.
1289 672 1352 728 Vide
1368 672 1506 738 Tabulam,
1524 672 1565 727 lit.
1582 671 1613 726 il.

228 749 327 806 illisio
339 695 1055 822 imaginihushedicaiamitaveiierahaniuretiam
1133 744 1198 824 ,liic
1220 743 1311 816 igitur
1330 742 1436 799 titulus
1461 741 1663 809 dedicationis,
1675 745 1704 797 et
1729 747 1936 814 argumentum

229 819 365 879 Ecclesia
385 819 502 893 longius
521 817 641 885 dissitm,
656 822 689 872 ut
703 816 793 873 Greci
809 832 843 872 ac
858 816 969 872 Moschi
994 816 1057 872 suis
1110 814 1238 870 historie
1258 812 1347 869 simul
1364 830 1461 870 rerum
1484 817 1634 886 gestarum
1650 817 1678 868 et
1694 812 1874 869 adorationis
1888 815 1937 870 de·

251 909 289 949 uo
313 907 348 947 ue
362 890 392 946 in
404 889 522 946 Meneis
532 895 609 962 apud
621 887 827 944 Bollandianos
836 887 969 942 videndis
981 890 1055 956 (hal.
1111 884 1177 941 bite
1189 902 1206 940 a
1216 884 1354 940 lidelibns
1364 884 1822 957 addiscenda,itacompendiose
1836 901 1939 958 prope

230 908 283 1020 ξε.
292 909 440 1030 (halland,
452 966 523 1018 tom.
536 961 557 1029 l,
569 975 664 1016 mens.
677 959 755 1031 Maii)
768 959 934 1031 frequentes
944 975 1056 1030 expres·
1112 955 1193 1036 nitur
1202 956 1232 1012 in
1242 955 1337 1038 votiva
1346 955 1475 1030 imagine
1505 961 1551 1012 ost
1562 953 1721 1012 concilium
1729 954 1940 1081 prhesinuma

232 1029 1057 1104 serint.Tantinempesemperhabitumliiitmemoriam
1111 1029 1199 1100 hysto
1214 1033 1320 1100 posita,
1338 1032 1371 1082 nt
1394 1028 1424 1082 iri
1439 1043 1472 1083 eo
1495 1043 1541 1083 em
1556 1043 1626 1082 arcu
1650 1026 1761 1098 tiiump
1784 1026 1823 1081 nli
1849 1027 1939 1082 docu-

231 1106 274 1162 rei
288 1109 375 1179 geste
401 1104 432 1159 in
456 1102 598 1172 conciliis,
610 1106 640 1157 et
653 1101 718 1158 bdei
736 1102 873 1174 dogmata
897 1099 1004 1157 ibidem
1020 1101 1057 1156 ah
1112 1103 1211 1154 menta
1244 1098 1330 1180 ingat·
1342 1097 1412 1154 Novi
1423 1098 1613 1180 Testamenti,
1626 1097 1735 1180 quibus
1749 1097 1940 1170 potissimum

232 1175 434 1232 hereticorum
450 1193 486 1248 op
509 1173 718 1248 agnationibus
732 1172 855 1228 liberata
870 1172 906 1227 ad
921 1188 1058 1227 venerari·
1112 1169 1211 1251 Patres
1225 1116 1376 1251 Ephesini,
1389 1174 1417 1226 et
1431 1169 1457 1226 is
1473 1173 1634 1263 presertim
1650 1185 1700 1252 qui
1715 1168 1883 1250 apostolice
1899 1185 1941 1226 se

231 1247 303 1303 dum
318 1263 353 1304 ac
368 1191 555 1303 redolentium
569 1259 729 1318 proponere
743 1247 807 1299 tuin
821 1243 868 1298 his
879 1243 929 1326 qui
944 1241 1058 1299 litteras
1112 1241 1159 1297 dis
1173 1255 1292 1323 nomina
1315 1241 1450 1324 ppaesedit
1465 1240 1599 1314 tyrillus,
1616 1239 1744 1296 divinam
1758 1239 1855 1322 Verbi·
1875 1257 1941 1313 per·

232 1321 364 1387 nossent,
376 1322 440 1374 tuin
456 1317 503 1374 his
512 1315 563 1388 qui
579 1316 757 1389 ignorarent,
769 1331 803 1370 ex
825 1314 909 1393 psitis
922 1319 989 1370 ante
999 1329 1058 1370 om·
1113 1327 1216 1368 sonam
1232 1310 1392 1394 inUCbristo
1406 1312 1586 1394 adorandam
1611 1312 1720 1393 apertis
1744 1309 1875 1367 oraculis
1889 1312 1942 1368 do·

232 1389 315 1446 nium
326 1389 427 1446 oculos
437 1387 570 1462 picturis,
581 1385 714 1454 musivis,
722 1331 907 1459 anaglyphis,
917 1391 945 1441 et
958 1385 1059 1441 inscri-
1113 1387 1250 1452 suerunt3
1266 1400 1297 1438 iii
1317 1381 1488 1440 lateralibus
1503 1399 1570 1439 vero
1585 1382 1747 1456 parietibus
1760 1398 1942 1440 consensum

232 1459 540 1535 ptionibus,dogmata
558 1458 622 1530 ipsa
638 1461 668 1515 et
685 1457 858 1513 memoriam
875 1457 911 1511 ad
927 1455 1058 1513 lidelium
1112 1454 1195 1511 addit
1208 1453 1321 1510 Veteris
1335 1453 1525 1520 Testamenti,
1542 1454 1597 1511 sub
1621 1453 1710 1510 variis
1734 1452 1837 1526 figuris
1862 1453 1942 1510 idem

232 1531 348 1588 animos
362 1530 551 1586 revocaturis.
1113 1525 1285 1609 mysterium
1313 1525 1570 1591 adumbrantibus,
1598 1523 1650 1580 tali
1679 1524 1794 1581 delectu
1829 1541 1866 1580 ex
1894 1523 1943 1581 his

267 1603 296 1658 5.
313 1601 504 1658 Revertamur
518 1615 597 1655 nuno
612 1599 648 1654 ad
665 1597 817 1670 epistolam
829 1597 949 1654 Adriani
965 1613 1004 1679 pa
1024 1614 1058 1667 ia,
1112 1595 1377 1679 etiamhabitant
1396 1597 1451 1653 ille
1479 1602 1510 1652 ut
1557 1595 1697 1677 lurimum
1722 1596 1942 1678 exhiberentur,

233 1671 429 1728 aillrmaniem
445 1675 544 1744 patere
559 1669 664 1751 cuique
684 1669 912 1742 posse,llyslum
927 1667 957 1723 iii
975 1615 1058 1724 tihe-
1113 1668 1221 1740 qaibus
1249 1667 1379 1740 praedicti
1403 1668 1502 1725 Patres
1525 1613 1675 1740 lffphesini,
1693 1671 1722 1723 et
1736 1665 1863 1740 Cyrillus
1882 1684 1944 1740 pre

233 1743 317 1799 riano
331 1741 453 1799 basilica
466 1741 497 1798 id
532 1740 682 1797 restitisse
716 1745 762 1795 ost
781 1739 955 1812 Ephesinam
972 1755 1058 1813 syrio·
1113 1737 1321 1806 omnibus‚usi
1337 1737 1654 1795 sunttuminooncilii
1669 1737 1944 1806 asisinatensium

233 1815 316 1882 dum,
327 1815 406 1885 quod
422 1817 490 1886 post
505 1759 652 1868 iiicenam
668 1757 805 1868 siiiesici
817 1811 1057 1893 inLateranenei,
1073 1769 1098 1835 B
1114 1809 1144 1864 iii
1159 1809 1243 1866 libris
1257 1809 1343 1891 editis
1366 1811 1402 1866 ad
1422 1811 1555 1882 ejusdem
1571 1808 1700 1866 veritatis
1721 1809 1871 1866 catholice
1891 1810 1944 1866 de·

234 1887 301 1968 post
315 1881 668 1955 constantinopolitanam
688 1882 832 1938 Damasus
851 1898 880 1936 in
901 1898 955 1938 suo
973 1881 1058 1938 titulo
1113 1885 1367 1936 monstrationem.

230 1969 293 2026 yam
310 1953 514 2025 prestiterant,
526 1969 631 2026 nempe
645 1953 685 2008 rei
701 1953 774 2008 hene
790 1953 818 2008 in
835 1952 957 2009 concilio
991 1957 1058 2008 esta
1146 1953 1173 2006 7.
1186 1951 1410 2006 Enumeratione
1420 1949 1510 2023 igitur
1525 1949 1587 2006 sola
1600 1966 1675 2024 opus
1686 1955 1730 2008 est
1740 1953 1774 2007 ut
1784 1966 1946 2024 cognosea-

234 2025 406 2080 memoriam
417 2024 562 2090 dedicare,
574 2024 720 2106 dogmatis
736 2023 844 2079 ibidem
855 2023 958 2079 asserti
971 1969 1058 2080 fidem
1114 2039 1181 2078 nius
1195 2022 1226 2077 iii
1240 2039 1309 2079 arcu
1329 2020 1461 2104 'maxi-mo
1476 2023 1536 2105 sive
1552 2021 1723 2095 triumphali
1738 2022 1946 2148 representari

233 2095 368 2164 excitare,
385 2111 418 2150 ao
443 2099 546 2150 catera
570 2094 719 2167 religionis
742 2095 848 2161 ollioin,
860 2111 924 2166 que
939 2111 1058 2150 vonera-
1113 2093 1259 2166 precipua
1268 2097 1437 2149 testimonia
1449 2093 1518 2148 Novi
1529 2092 1707 2150 Testamenti
1718 2094 1770 2149 deo
1783 2095 1903 2150 arantis
1916 2095 1946 2150 si-

234 2166 339 2223 bilium
354 2165 518 2239 imaginum
542 2169 725 2238 prospectus,
741 2166 832 2220 menti
856 2165 1058 2220 contuentium
1114 2166 1179 2220 dem
1191 2164 1364 2220 catholicam
1376 2165 1405 2218 iii
1417 2163 1563 2236 liphesina
1573 2166 1683 2238 synodo
1719 2181 1751 2221 er
1765 2164 1946 2221 illacoasla-

233 2237 263 2294 in
281 2237 373 2294 Deum
393 2237 537 2294 elevandas
564 2252 667 2292 ansam
682 2237 825 2310 praebens,
842 2234 916 2292 solet
939 2237 1059 2292 reddere
1114 2235 1242 2304 bilitam;
1259 2240 1292 2290 ut
1302 2236 1429 2290 subinde
1439 2252 1643 2292 recenseamus
1654 2236 1684 2292 in
1696 2181 1868 2292 litteralibus
1879 2253 1946 2292 mu·

234 2308 390 2383 paratoria.
1114 2307 1183 2362 sivis
1194 2307 1303 2379 figuras
1314 2306 1344 2361 iii
1355 2305 1451 2362 Veteri
1461 2307 1822 2364 TestamentoaPatribus
1832 2307 1945 2364 iisdem

271 2382 359 2436 Porro
375 2395 438 2452 que
465 2377 626 2434 lucrantia
645 2376 767 2433 concilio
796 2375 942 2449 Ephesino
958 2381 1060 2433 contra
1113 2378 1356 2450 productusque
1372 2379 1454 2449 juxta
1474 2379 1619 2451 majorum
1635 2377 1821 2435 traditionem
1836 2379 1946 2435 eadem

235 2449 299 2506 blas
320 2450 434 2506 hemics
449 2449 575 2505 Noslorii
588 2448 773 2504 constabilita
783 2449 868 2520 juxta
883 2447 1013 2530 regulam
1030 2449 1060 2504 si·
1114 2466 1142 2504 m
1165 2449 1253 2504 steria
1268 2448 1482 2522 significabant.

235 2522 282 2578 dei
298 2467 333 2578 sie
348 2520 498 2594 unigenito
512 2521 562 2576 Dei
579 2519 651 2575 Filio
666 2520 696 2574 in
712 2524 794 2576 utero
809 2520 938 2592 Virginis
953 2520 1059 2602 hypos·
1145 2466 1711 2602 {ipsiTestamenlioraouladogmatum
1722 2518 1840 2576 illorum
1850 2519 1947 2602 iidem

235 2593 324 2649 tatice
340 2592 421 2648 unito
436 2591 571 2648 humanae
592 2596 702 2646 natura
723 2607 812 2672 qnam
837 2598 1009 2662 assumpsit,
1026 2607 1059 2646 ac
1114 2591 1199 2647 nobis
1211 2591 1949 2664 manilestantiaexordiumsnmualabangeliGa·

218 2719 219 2728 ,
236 2665 273 2720 de
287 2663 372 2719 titulo
382 2664 432 2719 Dei
443 2662 588 2719 Geailricis
598 2662 692 2717 eidem
702 2661 814 2734 Virgini
825 2661 990 2727 tribuendo,
1001 2678 1059 2717 non
1114 2661 1215 2717 brielis
1228 2662 1456 2719 Annuntiatione
1471 2663 1507 2718 ad
1518 2659 1667 2734 Virginem
1683 2661 1734 2718 bei
1750 2662 1874 2719 Matrem
1888 2664 1948 2720 de·

237 2739 354 2790 tantum
369 2733 417 2790 hia
431 2737 646 2806 exprimuntur,
657 2733 708 2788 sed
719 2733 807 2788 etiam
819 2731 922 2788 divine
933 2733 1061 2804 Scriptu—
1114 2733 1260 2806 signatam
1276 2750 1310 2789 ex
1326 2733 1410 2789 Luce
1425 2733 1578 2806 Evangelio
1594 2734 1751 2806 desumpta
1761 2749 1824 2808 cap.
1837 2751 1869 2790 ii.
1885 2733 1947 2808 Xy·

238 2822 276 2861 rai
290 2804 354 2861 loca
369 2804 482 2888 potiora
496 2793 735 2860 demonstrantur
756 2810 820 2859 tum
843 2820 878 2860 ex
904 2804 981 2860 Novo
996 2809 1060 2859 tum
1114 2809 1179 2860 stus
1192 2804 1303 2859 curavit
1318 2804 1348 2859 in
1363 2821 1416 2860 suo
1431 2805 1544 2861 musico
1559 2803 1688 2861 exhiberi
1704 2802 1841 2887 angelum
1859 2805 1947 2862 salu-

237 2892 272 2932 ex
285 2876 380 2931 Veteri
394 2876 665 2947 Testamenlo,quae
676 2874 807 2930 adhibita
819 2876 1061 2932 suntaPatribus
1114 2879 1236 2942 tantem,
1247 2875 1397 2948 Virginem
1413 2877 1649 2949 respondentem,
1663 2880 1692 2931 et
1711 2875 1854 2948 Spiritum
1871 2893 1949 2932 saii-

236 2945 393 3020 hphasinis
415 2947 452 3002 ad
471 2946 623 3002 veritatem
638 2946 808 3002 eorumdem
832 2947 1002 3018 dogmatum
1027 2963 1061 3003 ac
1113 2949 1194 3002 ctum
1209 2947 1471 3018 supervenientem,
1482 2964 1515 3003 ac
1530 2946 1671 3003 divinitus
1684 2947 1946 3004 obrumbrantem.

237 3017 422 3075 revelationis
437 3017 923 3089 nobistradilaecomprobandam.
1117 3019 1179 3073 Tab.
1203 3020 1228 3086 l,
1254 3019 1297 3074 lit.
1322 3021 1355 3074 Β.
1378 3017 1448 3074 lluic
1473 3018 1601 3074 historie
1630 3017 1800 3090 evangelice
1829 3018 1948 3090 adjecit

271 3089 298 3144 0.
310 3090 378 3156 Qus
389 3087 554 3161 seliguntur
565 3104 599 3144 ex
613 3105 686 3144 novo
699 3089 805 3144 saedere
820 3087 944 3160 implent
958 3103 1058 3144 arcum
1113 3087 1218 3161 Xystus
1233 3087 1262 3144 iii
1280 3088 1334 3145 hoo
1349 3088 1461 3144 musivo
1477 3088 1680 3145 revelationem
1696 3088 1876 3146 adorationis
1892 3107 1949 3147 an-

235 3160 415 3233 precipuum
431 3158 658 3241 basilice,'q·uia
679 3159 804 3241 pellatur
815 3157 1013 3240 triumphalis.
1026 3160 1058 3214 lii
1074 3120 1095 3187 c
1134 3159 1245 3242 elerum
1260 3164 1331 3242 tunc
1344 3159 1503 3233 prestitam
1516 3159 1611 3217 Verbo
1626 3159 1755 3216 sumenti
1769 3175 1892 3216 carnem
1909 3179 1948 3218 ex

234 3247 352 3288 summo
363 3231 496 3304 ejusdem
507 3231 634 3303 fastigio,
646 3175 695 3285 aiii
706 3230 814 3303 Xystus
824 3229 1001 3303 epigraphen
1012 3247 1061 3302 po·
1113 3175 1232 3303 Virgine
1246 3236 1447 3304 consignatam
1467 3233 1496 3286 in
1512 3231 1641 3304 Epistola
1656 3231 1736 3287 Pauli
1750 3233 1787 3286 ad
1805 3231 1947 3290 llebraeos

236 3302 296 3360 suit
309 3319 416 3358 xrsrus
431 3317 585 3358 xriscorus
602 3317 682 3356 rucei
698 3317 754 3368 nai,
770 3300 917 3357 delineata
930 3307 975 3356 est
994 3317 1061 3356 area
1114 3317 1178 3373 cap.
1189 3319 1209 3369 i,
1221 3301 1279 3358 illis
1294 3302 1399 3370 verbis,
1411 3301 1517 3374 psalmi
1537 3301 1704 3358 testimonio
1719 3302 1945 3374 comprobatis:

235 3373 388 3430 circularis
403 3373 569 3500 exprimens
579 3376 752 3498 apparatum
764 3371 889 3453 concilii,
902 3389 1007 3454 nempe
1018 3388 1062 3428 sa·
1113 3373 1147 3428 lll
1160 3389 1220 3455 mira
1236 3375 1335 3428 iterum
1350 3373 1497 3430 iatrcdaoil
1507 3375 1723 3446 Primoyenilum
1737 3376 1768 3428 ia
1782 3375 1877 3429 orbem
1892 3383 1947 3431 ter·

236 3460 319 3500 crum
328 3445 443 3517 Evange
455 3444 593 3500 iorumvo
607 3459 694 3499 umen
706 3447 817 3516 septem
826 3443 987 3516 signaculis
996 3460 1061 3499 con·
1114 3458 1156 3500 rm
1169 3443 1236 3499 dicit
1250 3462 1259 3498 .·
1275 3443 1307 3499 El
1321 3445 1433 3501 adorari
1446 3461 1510 3501 eum
1523 3461 1615 3501 caiam
1634 3445 1727 3517 capell
1743 3446 1805 3500 Dei.
1819 3445 1949 3502 Addidit

236 3516 385 3590 signatum
400 3516 447 3584 (ad
464 3515 534 3571 Novi
549 3515 729 3571 Testamenti
747 3514 889 3570 indicium
906 3531 940 3570 eii
954 3517 1062 3587 Apoca·
1115 3515 1347 3587 ergoligurasan
1370 3515 1481 3572 ciorum
1492 3520 1655 3572 reverenter
1662 3515 1947 3588 astantium,quales

235 3586 311 3660 lypsi
322 3587 500 3654 laciendum)
509 3591 537 3642 et
545 3586 717 3642 collocatum
729 3585 759 3641 iii
768 3590 907 3658 suggesto
918 3603 969 3658 pro
981 3601 1061 3641 more
1116 3590 1183 3642 ante
1194 3585 1332 3642 thronum
1344 3532 1394 3642 fiel
1406 3587 1480 3644 vidit
1489 3587 1618 3643 loannes
1629 3588 1784 3660 lpoccap.
1797 3603 1859 3650 viii,
1872 3605 1905 3643 n.
1917 3593 1946 3645 2.

236 3656 794 3730 conciliorumpauloantememorato:
827 3671 893 3712 uem
905 3655 1061 3712 moremin
1116 3655 1948 3728 Utraqnehaectestimonia,Gabrielisscilicetnnntiantis

236 3729 258 3785 b
280 3727 383 3785 hesino
398 3729 578 3785 custoditum
597 3727 676 3800 leges
698 3727 727 3783 in
749 3673 839 3799 Apoio
861 3727 889 3782 ia
903 3725 1001 3799 Cyrilli
1025 3727 1061 3782 ad
1114 3726 1227 3801 Virgini
1243 3745 1310 3784 eum
1322 3729 1373 3800 qui
1383 3746 1499 3786 carnem
1511 3730 1648 3786 sumebat
1658 3747 1691 3786 ex
1703 3729 1765 3785 suis
1778 3728 1950 3788 visceribus

237 3745 434 3883 Theodosium
446 3816 513 3856 cum
525 3799 598 3856 actis
608 3798 752 3882 impressa
761 3798 830 3880 edit.
840 3743 922 3880 fiam.
931 3813 998 3870 pag.
1009 3799 1062 3854 024
1116 3815 1180 3855 esse
1195 3799 1301 3855 Filium
1315 3801 1379 3883 liei:
1400 3805 1429 3857 et
1447 3800 1528 3856 Pauli
1550 3801 1735 3874 predicantis
1753 3799 1949 3883 adorationem

237 3871 271 3928 D.
282 3871 520 3944 Visiturquoqua
535 3871 619 3926 sedes
633 3869 807 3942 episcopalis
818 3867 890 3925 velis
907 3873 1060 3936 instructa,
1115 3870 1283 3941 angelorum,
1296 3871 1346 3926 Dei
1363 3873 1451 3943 jussu
1470 3875 1541 3928 tuno
1556 3872 1700 3928 redditam
1714 3871 1809 3928 Verbo
1822 3871 1875 3928 Dei
1892 3889 1948 3930 su-

237 3959 341 3999 mensa
355 3941 456 3999 alteris
475 3959 542 3998 cum
565 3940 762 3998 oblationibus
784 3940 941 4006 coronalis,
957 3939 1061 3996 titulus
1116 3941 1206 3996 menti
1220 3957 1337 3997 carnem
1353 3959 1389 3998 ex
1401 3942 1453 3997 Vir
1473 3943 1680 4016 ine‚producta
1690 3947 1759 3999 snut
1773 3942 1803 3997 iii
1816 3943 1948 4002 concilio

237 4013 334 4071 crucis
355 4017 478 4080 erectus,
495 4019 524 4070 et
547 4028 636 4068 sacrae
657 4012 802 4084 imagines
826 4010 901 4067 Petri
926 4014 954 4066 et
980 4011 1061 4067 Pauli
1115 4011 1261 4084 Ephesino
1284 4013 1320 4068 ad
1344 4015 1591 4087 compreendam
1615 4013 1721 4070 Christi
1743 4013 1946 4084 divinitatem,

237 4082 1063 4213 thlibtttihtttibtitlllthtthltt
1115 4082 1947 4212 titltthlt‘htttTTTilllt.hh‘²sht⁰⁰

236 4231 301 4284 rata
316 4172 409 4300 atqi'ig
419 4227 572 4300 explicata,
589 4171 790 4309 additagliam
811 4172 906 4308 figura
920 4225 1060 4298 peculiari
1115 4225 1249 4282 Patribus
1264 4197 1431 4283 testimonio
1446 4173 1726 4300 initiema'proiueio,
1739 4173 1947 4285 editPConoiix.

236 4299 327 4372 hujus
342 4315 415 4355 aree
430 4298 613 4365 orbicularis,
625 4303 658 4353 ut
677 4315 723 4353 sin
746 4297 794 4354 ula
813 4298 951 4354 distincte
970 4315 1060 4371 appa·
1115 4297 1251 4353 Romana
1268 4315 1334 4372 pag.
1350 4299 1412 4364 352,
1429 4298 1483 4355 col.
1496 4302 1522 4368 l,
1534 4315 1639 4372 nempe
1660 4299 1734 4354 Petri
1749 4296 1946 4356 Alexandrini

235 4369 707 4443 reant,legunturlaadalotomo
723 4313 874 4424 fresarum
891 4384 1061 4424 monumen·
1114 4368 1242 4440 episcoi
1271 4375 1300 4424 et
1329 4371 1475 4443 martyris,
1499 4371 1605 4426 iterum
1635 4369 1755 4426 recitato
1778 4370 1944 4440 actbihi,

233 4446 331 4499 torum
348 4456 414 4514 pag.
425 4442 487 4496 200.
499 4441 579 4496 Hanc
595 4455 692 4496 aream
702 4438 791 4494 veluti
808 4438 943 4494 tabellam
956 4455 1058 4520 qunm-
1113 4455 1181 4564 pag.
1193 4387 1255 4495 igi.
1265 4440 1488 4496 Demonstratur
1499 4457 1533 4497 ex
1542 4441 1638 4498 verbis
1653 4439 1819 4513 archangeli
1829 4439 1948 4499 Christi

233 4513 302 4568 dam
317 4513 435 4566 activam
445 4510 532 4582 (quod
549 4512 672 4565 l'ortasse
685 4508 859 4566 vocabulum
875 4509 997 4564 barbare
1012 4526 1056 4562 iii-
1071 4496 1095 4560 D
1134 4514 1262 4574 ivinitas,
1274 4516 1302 4565 et
1317 4512 1405 4567 unica
1418 4512 1504 4568 Verbi
1525 4528 1666 4586 persona:
1684 4513 1815 4569 lloiainm
1839 4520 1945 4583 ιεοιιπι,

234 4581 314 4638 llexil
325 4581 442 4652 sequior
451 4587 520 4636 etas
528 4578 674 4635 Anastasii
685 4578 802 4650 qnando
813 4577 969 4650 appellavit
985 4579 1058 4634 Voce
1112 4580 1161 4634 loc
1174 4588 1211 4634 est
1221 4581 1272 4636 Dei
1282 4581 1400 4637 lierbum
1410 4599 1485 4638 nunc
1497 4591 1582 4640 baim
1592 4592 1641 4640 cel.
1653 4583 1722 4640 llam
1735 4584 1785 4639 illc
1802 4582 1946 4643 Gabrielis

233 4651 320 4718 ream)
330 4649 361 4704 iii
375 4650 537 4723 gratiarum
550 4649 695 4704 actionem
706 4649 763 4704 Deo
774 4647 901 4704 oblatam
911 4647 1057 4706 hincinde
1111 4650 1298 4707 salulollollei
1307 4653 1419 4708 Verbum
1429 4656 1460 4710 ia
1470 4663 1545 4712 atero
1554 4657 1678 4724 cirpiaeo
1687 4661 1783 4710 natum
1791 4661 1947 4712 caroniam

234 4720 382 4778 sustinent
401 4720 451 4776 SS.
467 4719 591 4792 apostoli
607 4719 710 4774 Petrus
733 4722 763 4774 et
783 4718 901 4786 Paulus,
918 4718 1056 4802 praecipui
1110 4723 1214 4792 frictam
1232 4724 1366 4779 insinuat.
1379 4725 1487 4782 illucet
1505 4728 1637 4799 scriptam
1650 4733 1690 4781 est
1705 4742 1711 4780 :
1727 4725 1849 4797 Spiritus
1871 4743 1945 4783 aaa·

254 4807 381 4848 recones
405 4791 482 4862 apud
507 4807 560 4846 iios
583 4789 664 4845 illius
679 4789 867 4857 Testamenti,
879 4805 936 4872 quo
952 4797 1057 4848 veritas
1110 4800 1169 4848 olus
1183 4809 1216 4848 sa
1234 4796 1354 4850 musnet
1367 4798 1397 4850 ia
1411 4804 1435 4852 te
1457 4804 1482 4852 el
1496 4799 1584 4854 virtus
1606 4798 1741 4854 Allbalmi
1761 4796 1946 4855 obumbrabit

233 4809 368 4920 Ecclesiae
383 4860 509 4917 revelata
527 4860 742 4924 manifestatur,
753 4865 782 4916 et
798 4861 963 4930 traditione,
974 4861 1057 4918 testi·
1111 4865 1204 4930 aba·
1237 4867 1532 4948 oqueetquodaatam
1549 4885 1583 4923 ear
1607 4877 1631 4925 le
1656 4867 1947 4925 saactnmvoeobirar

176 4980 181 4990 .
234 4935 342 5001 monio,
355 4949 388 4988 ac
403 4932 549 4989 sententia
563 4932 682 4989 Petrum
698 4931 727 4986 iii
739 4931 845 4988 Christi
869 4932 986 4989 nominc
1001 4934 1056 4990 sub
1110 4935 1197 4990 Filias
1213 4941 1274 4992 Det.
1285 4937 1489 4994 adorationem
1500 4938 1945 5020 veroangelorumexbipistola

233 5005 309 5061 Petri
319 5008 348 5061 et
359 5020 561 5060 successorum
575 5003 703 5076 primatu
714 5003 743 5058 iii
755 5003 886 5060 conciliis
897 5021 1055 5078 congrega·
1109 5005 1193 5061 Pauli
1210 5008 1382 5078 productam
1398 5009 1489 5066 luisse
1509 5010 1715 5084 cognoscimus
1738 5026 1756 5065 a
1774 5007 1884 5081 Cyrillo
1911 5012 1945 5066 iri

232 5081 329 5132 torum
340 5075 465 5132 hareses
477 5075 627 5132 universas
642 5075 777 5148 proiligat
787 5092 820 5130 ac
832 5076 964 5132 destruit.
979 5080 1055 5143 Qua·
1109 5076 1305 5135 declaratione
1320 5080 1592 5138 8Anaihematismi
1606 5084 1623 5137 8
1636 5081 1745 5137 idcirco
1758 5081 1849 5136 etiam
1866 5081 1947 5138 rele-

231 5151 299 5204 tuor
313 5164 429 5220 quoque
451 5147 633 5220 evangelistae
649 5146 726 5202 circa
746 5146 944 5218 apostolorum
959 5148 1056 5219 capita
1108 5151 1169 5203 iam
1185 5155 1268 5221 parte
1283 5167 1313 5206 iii
1326 5151 1440 5208 concilii
1456 5151 1606 5225 Ephesini,
1621 5152 1691 5209 edit.
1709 5152 1793 5208 Rom.
1805 5151 1856 5207 lol.
1870 5153 1943 5211 500.

231 5218 371 5344 οιιιιιὲιιιῖΙ
384 5217 546 5300 ιιιιιιιιιιιίιΙ
557 5216 846 5344 syimbolisqnatuor
869 5218 1053 5290 animalium,
1105 5218 1155 5276 hie
1169 5221 1276 5278 verbis.

230 5289 1055 5443 tetmaris.{tarantasiensi

229 5431 304 5489 tium
320 5432 495 5489 trahendum
512 5377 660 5498 gestienti,
670 5429 757 5486 veluti
770 5430 895 5486 coeleslis
910 5431 1054 5506 quadriga
1144 5455 1158 5483 e
1171 5432 1275 5505 Siquis
1285 5435 1381 5493 dicere
1397 5438 1486 5494 audet
1506 5437 1654 5494 hominem
1670 5440 1859 5509 assumptum
1875 5453 1945 5493 una

230 5503 258 5558 in
269 5520 338 5560 arcu
347 5501 845 5575 triumphalidedicatadivinitatem
854 5501 1054 5572 atquebume·
1107 5521 1175 5560 cum
1190 5506 1240 5562 Dei
1250 5505 1344 5563 Verbo
1357 5509 1549 5577 adorandum,
1561 5515 1590 5564 et
1599 5507 1900 5582 conglorificandum,
1913 5513 1946 5564 et

229 5573 351 5630 nitatem
362 5573 468 5630 Christi
480 5573 596 5630 Domini
611 5573 642 5629 in
658 5571 745 5629 unica
753 5571 840 5628 Verbi
855 5588 980 5644 persona
993 5574 1052 5629 mi·
1107 5575 1209 5644 Deum,
1221 5581 1271 5632 tan
1295 5594 1363 5634 uam
1378 5580 1502 5636 altarum
1518 5596 1586 5638 auin
1606 5578 1706 5647 altero,
1718 5579 1943 5638 connominari·

229 5644 362 5702 rabiliter
376 5645 631 5726 subsistentem,et
641 5643 675 5726 Ιιιι
685 5641 807 5700 concilio
823 5643 971 5700 adoratam
983 5662 1052 5702 con·
1106 5647 1177 5702 dum
1192 5663 1257 5704 esse
1267 5593 1357 5716 (hunc
1368 5651 1445 5707 enim
1457 5651 1638 5708 intellectum
1652 5649 1874 5726 particulatam
1886 5651 1944 5707 ad·

229 5716 355 5776 laesione
370 5715 459 5776 totius
478 5713 611 5773 Ecclesie
629 5717 669 5788 (iii
686 5731 803 5777 summo
827 5731 912 5771 arcus
935 5716 1051 5792 lastigie
1102 5717 1341 5848 jectaperpetuo
1356 5737 1389 5778 ac
1409 5723 1572 5780 necessario
1593 5723 1726 5794 allert)st
1749 5739 1809 5778 nori
1834 5722 1946 5795 potius

228 5787 336 5854 Christi
351 5791 638 5870 monogrammaley
652 5801 819 5866 expressam
830 5790 932 5852 amato
946 5786 1052 5853 titteris
1106 5804 1192 5851 unsa
1213 5789 1343 5852 oratione
1352 5793 1573 5860 Emmanuelem
1584 5795 1718 5867 honorat,
1728 5807 1885 5873 unamque
1895 5792 1947 5858 illi
