4048 6174
198 63 286 170 ιιιι
778 95 1334 188 ιιιιιιιιιιιιιιιιιιιιιι
1808 119 1872 202 ππ,

206 220 603 370 ptpnsmolnorismeroorie
611 226 771 302 deperiret,
787 229 941 314 ᾼιιιιιιιιίο
961 231 1141 316 buictltlt‘
1133 236 1238 307 issimi,
1254 254 1342 312 quem
1357 238 1388 300 in
1403 238 1555 322 appstotp
1557 257 1610 314 sno
1635 247 1715 322 Petro
1735 247 1872 334 ιιιὶηψπ,
1963 215 1964 310 i

264 311 299 352 ιιι
314 293 502 368 inserendam
517 297 656 366 duximus
680 301 716 358 ad
739 303 880 374 majorem
904 301 1028 379 gloriam
1085 281 1287 383 predicamus.

732 645 831 726 itctl.
859 648 1045 724 SANCTUS
1070 651 1302 733 Gabaonths
1327 657 1384 735 ΙΙΙ.

720 813 803 863 anuo
824 815 943 866 cnatsrr
963 800 1033 881 731,
1057 817 1160 866 anons
1181 821 1316 870 rsaunrcr
1341 805 1389 868 16.

925 942 1191 962 m

330 1073 413 1132 loti
434 1066 602 1148 Gregorius
622 1068 744 1143 tertius,
767 1070 896 1133 natione
927 1073 1035 1154 Syrus,
1058 1091 1098 1135 ax
1128 1079 1218 1159 patre
1239 1075 1374 1155 toanna,
1397 1073 1479 1152 sedit
1508 1093 1609 1149 annos
1637 1073 1755 1152 decem,
1781 1095 1882 1142 menses

285 1185 370 1255 octo,
400 1180 468 1244 dies
494 1181 606 1264 uiginti
634 1183 690 1266 (n).
721 1186 776 1248 Vir
808 1185 992 1250 mitissimus
1022 1193 1055 1250 et
1088 1189 1180 1252 ualde
1218 1190 1355 1272 sepiem,
1384 1191 1417 1252 iu
1456 1189 1572 1257 divinis
1610 1190 1776 1272 Scripten's
1808 1195 1881 1255 soii·
1964 1199 1965 1218 ¹

286 1295 405 1362 cientes
433 1297 616 1378 instructus,
650 1303 757 1367 Graeoa
793 1303 968 1386 Latinoque
1007 1303 1117 1388 lingua
1155 1305 1307 1382 eruditus,
1342 1305 1483 1390 psalmos
1516 1323 1627 1376 omnes
1670 1325 1725 1386 per
1761 1305 1882 1386 ordinem
1964 1381 1965 1390 ¹

286 1411 468 1482 memoriter
494 1415 643 1492 retinens,
675 1422 706 1479 et
735 1417 768 1486 in
798 1436 907 1482 eorum
938 1421 1081 1484 sensibus
1111 1419 1315 1486 subtilissima
1348 1419 1575 1487 exercitatione
1610 1420 1749 1494 limatus.
1782 1422 1884 1502 Lingua
1964 1397 1965 1404 ¹

246 1530 413 1610 bonoque
434 1528 466 1596 in
489 1531 624 1598 lectione
645 1533 756 1615 polita,
778 1534 964 1600 exhortator
984 1537 1125 1604 omniurn
1153 1536 1310 1603 honorum
1340 1554 1484 1616 operum,
1509 1535 1659 1617 plebique
1689 1537 1884 1609 haremanne

286 1645 438 1716 salutaria
468 1647 651 1730 predicans,
681 1649 755 1714 ndei
785 1651 951 1719 catholice
982 1659 1014 1716 et
1042 1653 1224 1736 apostolicus
1253 1651 1443 1730 immutilate
1473 1657 1691 1740 conservator,
1727 1654 1885 1736 perenniter

284 1780 343 1823 sua
365 1763 495 1836 monita,
518 1764 614 1826 eorda
635 1765 775 1828 tideliom
795 1769 1014 1844 corroborans,
1038 1769 1226 1833 orthodoxas
1247 1768 1321 1831 fldai
1342 1767 1511 1849 emulator
1531 1785 1569 1828 ac
1599 1767 1746 1844 defensor
1772 1768 1885 1831 tertiad-

287 1895 369 1946 ruus.
392 1879 588 1958 paupertatis
618 1885 752 1956 ametor,
775 1887 807 1946 et
835 1901 912 1966 erga
941 1883 1052 1966 inopes
1082 1885 1226 1966 provisor
1257 1883 1298 1967 (t)
1330 1901 1392 1958 non
1424 1884 1527 1958 notens
1557 1883 1675 1956 mentis
1705 1883 1825 1964 pietate³
1844 1885 1885 1956 sed

286 1992 382 2068 studii
411 1993 460 2056 sui
489 1995 597 2060 labore
628 1997 791 2078 sollicitus,
822 2001 1020 2082 captivorum
1052 2001 1147 2066 ettam
1178 2001 1368 2083 redemptor,
1398 1997 1619 2082 orphanorum
1651 2005 1825 2100 quoquest
1850 2001 1885 2062 ti·

207 2111 266 2174 so
286 2109 422 2172 duarum
454 2111 597 2194 largitor,
627 2117 804 2179 necessarie
843 2116 995 2194 tribuens,
1025 2125 1151 2181 amator
1185 2115 1399 2200 religiositatis
1428 2117 1463 2178 in
1495 2114 1677 2196 ὓδιὶιιίιιιι
1710 2133 1816 2176 norme
1845 2115 1886 2196 (ct,

284 2228 319 2288 et
352 2225 496 2306 religiose
531 2227 709 2292 volentibus
740 2231 844 2294 vivere
878 2238 910 2296 et
939 2233 996 2298 Dei
1024 2234 1171 2296 timorem
1202 2232 1395 2301 habentibus
1415 2229 1527 2314 [dtis
1557 2231 1624 2306 suis
1654 2231 1827 2312 praecordiis
1850 2231 1886 2292 di·

287 2339 385 2403 lector
414 2341 454 2430 (a)
488 2342 635 2427 existens,
671 2348 736 2412 Deo
769 2348 906 2424 lavante,
934 2349 1077 2430 pervenit
1111 2349 1150 2411 ed
1186 2367 1310 2412 sacrum
1345 2349 1491 2412 ordinem
1526 2347 1773 2442 presbyteratas.
1805 2349 1886 2434 Quem

288 2457 347 2526 viri
368 2461 577 2524 Romaniano
598 2481 708 2526 omnes
731 2466 851 2546 populi,
875 2485 895 2529 a
916 2485 1032 2546 magno
1053 2485 1153 2548 usqua
1174 2467 1215 2530 ad
1237 2485 1382 2548 parrum,
1404 2465 1513 2531 diuina
1532 2463 1741 2546 inspiretr'oue
1760 2463 1886 2546 ριιιιοῑί,

288 2573 392 2646 subito
414 2595 498 2650 eum,
521 2577 597 2640 dum
618 2577 687 2664 ejus
716 2580 861 2647 decessor
881 2581 920 2647 dc
941 2581 1002 2660 hoo
1029 2581 1145 2648 seculo
1176 2582 1353 2663 nigrasset,
1377 2581 1452 2663 dem
1484 2585 1557 2654 ante
1589 2581 1741 2654 teretrum
1764 2579 1795 2648 in
1811 2579 1887 2645 aba·

228 2695 268 2755 lt
290 2695 366 2781 quio
387 2693 436 2756 sui
457 2695 663 2770 antecessoris
684 2701 767 2759 esset
787 2698 927 2760 intentus
949 2697 998 2780 (J),
1016 2698 1046 2760 vi
1066 2699 1272 2761 abstollentes
1294 2697 1327 2759 in
1350 2698 1552 2780 pontificatus
1572 2695 1718 2773 ordinem
1738 2695 1887 2781 elegerunt.
1965 2695 1966 2700 ’

330 2819 409 2878 m
439 2811 512 2876 Fuit
538 2817 645 2880 sutem
682 2813 876 2894 temporibus
905 2814 1019 2878 Leonis
1060 2819 1093 2876 at
1121 2813 1320 2886 ¹[innatantini
1349 2812 1594 2894 imperatorem,
1624 2830 1666 2879 ea
1695 2810 1886 2896 personatione

289 2933 452 3012 grassante
472 2946 544 3012 qna
566 2947 622 3011 per
642 2928 728 3012 ipsos
750 2936 837 2994 mota
864 2935 911 2994 est
940 2929 981 2993 ad
1015 2929 1244 3014 depositionem
1275 2936 1307 2994 et
1337 2927 1583 3006 destructionem
1606 2945 1768 2994 sacrorum
1794 2925 1888 3009 imagi·
1965 2991 1966 3008 ,

289 3063 365 3105 num
386 3043 511 3106 Domini
533 3045 632 3108 nostri
659 3047 733 3120 iesu
764 3045 879 3110 Christi
909 3052 941 3108 et
969 3051 1087 3112 unctas
1108 3046 1164 3110 Dei
1186 3046 1361 3126 dauitricis,
1383 3051 1566 3126 auctorum
1597 3044 1810 3134 apostolorum
1833 3059 1887 3103 om·
1965 3035 1966 3042 '

288 3159 441 3241 uiamque
473 3165 654 3230 sanctornm
685 3167 718 3226 et
744 3163 971 3239 contessorum,
1003 3182 1062 3244 pro
1094 3162 1208 3244 quibus
1242 3161 1343 3228 isdem
1372 3160 1594 3242 nanchesimus
1630 3161 1690 3236 tir,
1718 3165 1754 3236 nt
1781 3157 1817 3236 ab
1842 3157 1889 3221 hoe

250 3275 509 3359 tiresiplscerent
530 3295 566 3342 sc
601 3296 634 3341 se
671 3285 870 3347 removerent
904 3298 1022 3356 errore,
1051 3278 1294 3348 commonitoria
1329 3279 1448 3370 scripta
1480 3278 1591 3361 rigore
1624 3275 1796 3361 apostolice
1825 3273 1890 3336 sedis

289 3394 434 3456 instituta
461 3393 514 3476 (pt,
544 3395 812 3476 quemadmodum
839 3402 874 3458 et
900 3401 1018 3458 sanctae
1046 3394 1207 3460 memoriae
1235 3393 1416 3458 deaemor'
1407 3394 1508 3476 rpeiam
1543 3393 1716 3482 direxerat,
1744 3391 1825 3456 mbit
1845 3407 1890 3470 per

291 3509 458 3589 Georgium
486 3508 529 3590 (a)
557 3510 775 3591 presbyterum
801 3509 851 3592 (ι).
875 3511 934 3584 Oai
962 3513 1103 3586 humano
1128 3511 1241 3576 ductus
1270 3512 1394 3588 timore,
1425 3529 1488 3574 non
1523 3509 1635 3586 eedem
1666 3477 1816 3594 scripta
1804 3523 1889 3588 impe·

290 3623 388 3688 raton'
416 3625 567 3706 porrexit.
596 3624 656 3701 Qui
682 3631 853 3703 revertens,
882 3645 989 3690 secum
1018 3627 1052 3690 in
1079 3626 1239 3704 cintatem
1270 3629 1444 3701 itomanam
1474 3625 1665 3688 reducens'
1654 3625 1717 3713 spei
1752 3619 1890 3686 muchan·

292 3758 343 3801 mo
371 3739 514 3821 pontiflci
540 3741 700 3822 patefecit,
729 3744 890 3806 confessus
916 3761 951 3806 se
976 3743 1095 3812 iudane
1121 3761 1212 3812 reum
1242 3743 1357 3824 culpae.
1385 3741 1484 3816 Onam
1521 3759 1641 3822 magna
1670 3735 1888 3814 committitis

232 3855 271 3924 10
289 3855 434 3938 pontifex
464 3853 532 3940 ipsa
569 3855 669 3924 voluit
704 3856 744 3922 ab
780 3857 891 3924 ordine
925 3859 1118 3934 ¹sacerdotali
1153 3859 1291 3942 privare.
1319 3857 1376 3928 Cui
1413 3857 1571 3928 residente
1607 3855 1741 3932 concilio
1772 3852 1822 3954 η),
1850 3847 1890 3912 sed

292 3971 478 4040 obsecrante
513 3977 579 4036 mm
615 3973 749 4044 concilio
787 3991 882 4056 qoam
921 3975 1140 4057 optimatibus,
1169 3981 1206 4038 ut
1233 3993 1298 4036 non
1336 3973 1558 4056 deponeretur,
1589 3972 1647 4035 sad
1681 3971 1779 4051 magis
1811 3967 1890 4030 isdem

292 4087 457 4170 presbyter
485 4088 680 4170 poenitentia
703 4089 943 4160 submitteretur
971 4113 980 4154 ι
1011 4091 1073 4168 cui,
1103 4091 1252 4172 imposita
1287 4089 1385 4171 digna
1412 4089 1613 4171 paenitentia,
1638 4063 1753 4150 iterum
1778 4079 1890 4148 secundo

292 4223 364 4272 eum
392 4222 463 4268 cum
493 4203 609 4268 eisdem
639 4203 751 4268 litteris
779 4206 904 4289 scriptis
932 4205 1017 4288 apud
1046 4205 1163 4291 regiam
1194 4203 1307 4266 direxit
1337 4203 1459 4269 urbem.
1486 4203 1548 4282 sed
1584 4203 1733 4298 nequiter
1764 4213 1891 4283 suppen-

292 4327 360 4389 tata
387 4319 428 4403 (te)
464 4320 630 4402 dispositio
654 4322 849 4391 ‘eorumdem
885 4323 1127 4406 imperatorum,
1158 4321 1268 4384 eadem
1308 4319 1504 4382 venerabilia
1538 4319 1662 4401 scripta
1684 4319 1727 4381 ,ia
1764 4306 1891 4390 Staberii

234 4439 272 4500 ld
293 4438 397 4501 insula
425 4437 561 4501 retinere
588 4437 672 4512 iecit,
700 4455 758 4501 neo
786 4438 825 4500 ad
855 4439 966 4501 urbem
992 4437 1115 4518 regiam
1144 4435 1334 4519 pertransire
1360 4435 1515 4518 permisit.
1544 4435 1606 4511 Sed
1630 4433 1779 4516 eamdem
1808 4423 1890 4514 porti·

294 4558 395 4618 totem
423 4571 503 4634 pone
529 4571 586 4634 per
612 4570 732 4620 annwnm
760 4551 921 4633 integrum
949 4553 982 4614 in
1008 4553 1153 4617 exsilium
1182 4549 1347 4630 relegavit.

336 4667 472 4752 m'tt)
501 4667 592 4733 Unde
621 4667 735 4750 majori
762 4668 836 4731 ildei
864 4669 977 4736 ardore
1004 4673 1167 4750 permotus
1201 4665 1346 4748 pontifex
1381 4663 1534 4746 ιγιιοάιίι
1569 4664 1732 4738 loentum
1769 4676 1833 4734 tam
1852 4669 1891 4723 ⁸⁸·

295 4781 447 4844 cerdotali
486 4789 644 4846 conremu
682 4801 789 4847 coram
830 4790 1033 4848 sacrosancte
1069 4783 1266 4849 consessione
1302 4779 1491 4856 sanctissimi
1529 4778 1672 4876 corporis
1702 4774 1789 4860 ‚beati
1824 4763 1891 4833 Petfl'

294 4895 435 4975 apostoli
462 4897 681 4974 residentibus,
711 4919 782 4964 cum
812 4899 923 4986 eodem
951 4917 1076 4964 summo
1101 4905 1136 4961 et
1163 4897 1336 4961 venmabili
1364 4915 1449 4978 papa
1476 4901 1510 4958 et
1536 4892 1787 4978 archiepiscopis.
1807 4883 1892 4949 idest

291 5009 433 5084 ,Autome
468 5012 621 5076 Gradensi
655 5015 901 5096 archiepiscopo,
930 5018 1054 5080 ioanne
1086 5015 1235 5097 episcopo
1270 5015 1466 5090 ¹Itauennate,
1495 5031 1570 5092 ⁴(etthi
1604 5010 1731 5093 celans
1762 4996 1891 5090 episcopie

256 5125 386 5188 bietine
420 5126 578 5208 Hesperia
607 5130 705 5212 partis
731 5149 864 5196 numero
891 5149 978 5212 scut,
1006 5149 1061 5195 seu
1099 5129 1291 5214 presbyteris
1323 5133 1440 5194 sanctae
1477 5127 1573 5210 buius
1608 5124 1785 5226 apostolicas
1814 5112 1889 5188 sodis,

296 5242 473 5306 astantibus
505 5242 691 5309 diaconibus
725 5265 799 5312 cum
838 5254 953 5312 cuncto
996 5247 1094 5322 clero,
1134 5246 1298 5308 nobilibus
1338 5243 1434 5308 etiarn
1471 5241 1670 5318 ,ementem
1711 5246 1746 5306 el
1783 5226 1890 5310 mtiqaie

807 5397 930 5445 norum
950 5395 1139 5448 assentantis
1158 5395 1320 5448 intem

252 5519 673 5594 (ascalonenses.
702 5521 1179 5664 (hiergaruupnmrovisiouam.
1208 5518 1607 5590 (ctetsshnshaaanormae.
1634 5513 1788 5644 <dignabere
1809 5499 1889 5588 illm

216 5563 371 5654 sectanti.
407 5593 592 5666 (itinerantes
607 5599 695 5652 asset.
739 5596 777 5670 (π)
789 5599 881 5678 Juxta
897 5594 1037 5680 yigorem,
1049 5599 1079 5651 at
1097 5591 1315 5655 sustitutionem
1329 5592 1409 5652 soors
1422 5591 1603 5666 apostatae
1616 5587 1712 5666 tietb,
1733 5581 1888 5662 fitistiim·

213 5665 267 5740 tt)
267 5668 373 5726 aene
385 5681 455 5724 ιιι.
470 5665 534 5739 73l.
558 5667 598 5740 <ji
613 5666 931 5736 residensinconoitis.
956 5667 996 5740 (l)
1010 5668 1216 5741 armantes
1240 5665 1274 5738 tt
1288 5667 1392 5734 Barth
1404 5663 1554 5740 nas-1³2·
