4052 6164
216 294 295 354 1299
791 289 1001 354 ANASTASII
1021 284 1349 353 eiatloattboaad.
1849 285 1925 349 tara

286 425 331 480 uit
342 425 391 497 (a).
401 425 492 490 Quem
502 439 570 480 cum
582 423 739 497 predictus
750 441 799 481 rex
808 423 967 481 honorifice
978 423 1149 496 accepisset,
1161 423 1261 480 amaia
1270 439 1322 496 pro
1335 421 1442 496 quibas
1452 425 1572 480 venerat
1580 419 1636 496 ipsi
1647 420 1800 478 iudicavit.
1811 420 1867 478 Cui
1879 438 1926 478 rex
2017 449 2018 498 3

235 523 269 578 10
288 521 415 596 gratanti
429 520 527 578 animo
538 521 681 594 quidquid
692 522 847 595 quaesierat
857 523 961 578 tribuit
973 525 1061 594 atque
1073 519 1227 578 concessit.
1240 521 1275 576 dt
1286 537 1354 576 cum
1367 520 1455 577 simul
1468 519 1582 586 Franci,
1595 519 1778 594 Langobardi
1789 536 1826 576 sc
1837 520 1926 576 Bene·
2017 517 2018 528 *

286 620 403 675 ventaui
419 619 584 692 congregati
602 619 736 687 fuissent,
750 618 825 674 facta
840 623 884 676 est
898 618 1002 692 ingens
1018 617 1115 692 populi
1131 617 1299 688 multitudo,
1315 617 1357 674 ita
1368 623 1400 674 ut
1412 617 1536 674 exomni
1552 622 1632 690 parte
1642 617 1927 674 Romacircumdata

286 717 446 773 rideretur:
459 734 584 790 qaorum
596 716 784 773 multitudine
795 717 894 772 omnia
904 721 967 773 sata
978 715 1072 772 deleta
1080 721 1159 772 sunt.
1172 715 1236 790 lpse
1246 732 1313 772 vero
1323 714 1483 788 Siginolfus
1492 715 1604 772 ardenti
1615 719 1731 790 pectore
1742 715 1925 788 praecipuum

288 815 474 872 desiderabat
488 815 585 871 videre
605 814 784 888 pontificem,
800 819 828 871 et
843 816 878 871 ab
894 832 927 871 eo
942 813 1174 871 benedictionem
1190 813 1328 886 recipere.
1345 813 1437 869 Ouern
1451 811 1558 884 praesul
1574 829 1641 868 cum
1656 811 1851 886 suscepisset,
1868 812 1925 869 eolo

289 916 454 985 prostratus
478 912 621 986 pretiosas
644 913 738 986 ipsius
759 913 848 986 pedes
877 911 1027 968 humiliter
1050 909 1164 968 osculat
1187 917 1270 980 sest,
1287 916 1317 967 ot
1331 910 1367 967 ab
1383 927 1415 967 eo
1431 908 1632 967 benedictione
1648 915 1787 983 suscepta
1800 910 1838 966 ab
1864 911 1926 981 ejus

235 1010 269 1066 ⁴5
288 1015 445 1083 conspectu
462 1009 598 1066 alacriter
612 1011 670 1068 Deo
685 1009 794 1084 gratias
809 1011 936 1066 referens
951 1025 1102 1083 regressus
1117 1013 1170 1064 est.

324 1108 402 1166 489
418 1107 468 1164 His
485 1108 622 1164 omnibus
637 1107 738 1178 finitis,
755 1107 818 1180 ipse
832 1106 1095 1164 excellentissimus
1110 1124 1159 1163 rex
1175 1105 1339 1163 Ludovicus
1351 1105 1447 1178 ampla
1458 1121 1526 1161 cum
1541 1103 1640 1188 letitia
1655 1104 1776 1179 Papiam
1794 1121 1927 1163 reversas

289 1209 344 1273 est,
362 1206 411 1262 abi
427 1207 464 1262 ab
479 1205 595 1262 exordio
611 1205 792 1278 principatus
805 1205 851 1261 sui
868 1203 984 1261 culmen
1000 1204 1127 1278 regebat.
1143 1205 1224 1260 Tunc
1240 1219 1306 1260 vero
1322 1202 1379 1259 leti
1390 1220 1492 1259 omnes
1503 1219 1571 1258 cum
1581 1202 1760 1276 conjugibus
1771 1219 1806 1258 ac
1817 1202 1930 1274 liberi,

289 1307 408 1359 senatus
423 1303 607 1375 populusque
624 1303 773 1359 Romanus
786 1307 847 1358 tam
864 1301 974 1376 ingenti
988 1306 1069 1374 peste
1084 1301 1210 1373 liberati,
1226 1306 1256 1358 et
1270 1303 1370 1375 ajuga
1386 1299 1543 1374 tyrannica
1559 1298 1755 1356 immanitatis
1771 1300 1928 1373 redempti,

290 1391 510 1447 sanctissimum
528 1392 662 1466 Sergium
679 1389 833 1463 presulem
849 1389 929 1446 velut
943 1390 1048 1447 salutis
1064 1395 1214 1447 auctarm
1230 1406 1263 1447 ac
1278 1390 1479 1446 restitutorem
1494 1389 1577 1463 pacis
1587 1389 1814 1445 venerabantur.
1829 1388 1883 1445 llle
1893 1395 1932 1446 ta·

252 1488 270 1543 5
289 1505 356 1545 men
372 1507 430 1546 nan
441 1507 500 1545 aaa
511 1488 612 1545 virtuti
624 1505 685 1545 rem
698 1492 822 1562 gestam,
835 1489 884 1545 sed
894 1487 992 1544 divino
1003 1488 1117 1544 muneri
1129 1488 1299 1562 deputabat.
1311 1488 1377 1545 lam
1388 1485 1457 1558 qaia
1466 1485 1569 1560 lingua
1581 1491 1687 1542 cuncta
1697 1503 1763 1559 qua
1776 1485 1874 1559 gessit
1883 1503 1932 1560 per

289 1585 421 1642 ordinem
435 1585 578 1659 explicere
593 1603 650 1642 non
666 1585 810 1659 prevalet,
827 1591 1013 1642 transcamus
1029 1586 1065 1641 ad
1081 1603 1193 1658 eaquae
1208 1585 1237 1641 ia
1253 1583 1364 1641 sanctis
1379 1585 1453 1642 locis
1475 1582 1592 1651 obtulit,
1607 1587 1637 1641 et
1649 1583 1780 1640 breviter
1795 1600 1932 1640 enarrare

289 1683 471 1741 inchoemus.
489 1683 519 1740 ln
535 1685 630 1758 primo
646 1683 765 1757 quidem
781 1683 970 1756 pontificatus
984 1683 1030 1740 sui
1045 1684 1162 1740 exordio
1176 1699 1410 1757 supernoamora
1420 1679 1611 1739 exardescens
1624 1681 1654 1736 in
1666 1679 1793 1737 basilica
1804 1679 1933 1738 Sulcato·
2017 1691 2018 1708 ¹

289 1780 339 1848 ris,
356 1798 420 1854 qua
436 1782 677 1838 Constantiniana
690 1786 820 1848 vacatur,
838 1781 917 1837 mirra
934 1781 1161 1854 pulchritudinis
1178 1798 1253 1855 opas
1267 1779 1400 1854 explerit.
1416 1779 1489 1837 Nam
1506 1779 1652 1836 ambitum
1664 1777 1741 1836 sacri
1752 1777 1870 1848 altaris,
1882 1777 1931 1850 qui

288 1877 413 1935 strictim
431 1879 459 1934 in
476 1895 511 1935 ea
525 1881 620 1935 fuerat
635 1879 706 1935 olim
721 1885 917 1948 constructae,
930 1877 1083 1952 largiorem
1096 1878 1213 1952 proprio
1224 1877 1314 1952 digito
1326 1875 1723 1950 designansafaudamantis
1734 1875 1863 1948 perfecit
1873 1875 1932 1948 pul-
2017 1949 2018 1954 ἵ

237 1976 271 2031 10
289 1975 323 2031 ch
329 1975 425 2049 risque
436 1975 580 2032 columnis
590 1993 657 2033 curn
669 1976 866 2032 marmoribus
877 1976 1002 2049 desuper
1013 1974 1041 2031 in
1050 1991 1119 2049 gyro
1130 1974 1253 2048 sculptis
1264 1973 1415 2048 splendide
1426 1973 1581 2030 decoravit.
1594 1971 1648 2030 Ubi
1659 1989 1740 2029 nunc
1753 1989 1842 2028 sacra
1849 1971 1931 2044 plebs

288 2071 318 2128 in
334 2073 619 2129 administrationem
635 2072 711 2130 sacri
726 2070 845 2146 largiter
868 2071 1001 2129 consistit
1022 2071 1122 2128 officii.
1139 2074 1201 2138 Quo
1216 2071 1338 2144 expleto,
1356 2071 1418 2145 ipss
1442 2071 1588 2128 almificus
1610 2069 1740 2144 pontifex
1755 2086 1813 2142 pro
1829 2071 1931 2126 decora

289 2174 376 2242 atquo
389 2173 494 2226 ornatu
517 2170 605 2241 hujus
622 2169 751 2243 praeclari
767 2171 863 2242 operis
879 2170 1026 2227 incedam
1049 2168 1171 2225 basilica
1192 2169 1298 2225 obtulit
1312 2169 1376 2225 vela
1391 2168 1458 2225 alba
1472 2167 1633 2224 holoserica
1646 2167 1753 2242 uiginti
1767 2172 1879 2224 ornata
1902 2168 1930 2224 m

289 2266 412 2323 circuitu
429 2267 464 2322 de
475 2267 606 2323 fundata.
619 2266 760 2323 Similiter
770 2265 865 2322 atalia
879 2267 914 2323 dc
927 2267 1047 2323 fundato
1058 2267 1141 2324 valde
1152 2267 1263 2340 optima
1273 2251 1377 2340 viginti
1387 2269 1490 2323 ornata
1499 2265 1528 2321 in
1540 2265 1664 2322 circuita
1674 2265 1710 2322 de
1719 2263 1865 2322 blattbin.
1877 2265 1917 2321 Uh

289 2363 377 2418 etiam
393 2363 606 2420 confesstoaem
623 2363 777 2419 mirificam
794 2363 909 2420 Christo
938 2370 1111 2438 cooperante
1134 2364 1307 2433 construxit,
1324 2369 1353 2421 et
1367 2363 1513 2438 argenteis
1530 2361 1637 2420 tabulis
1652 2380 1788 2435 auraque
1804 2363 1931 2436 perfusis

237 2460 270 2516 15
289 2460 399 2534 fulgide
414 2461 550 2534 compsit,
576 2477 664 2534 quam
680 2461 807 2535 propriis
828 2461 965 2518 manibus
986 2477 1172 2528 consecrans,
1189 2461 1218 2517 in
1234 2477 1268 2519 aa
1287 2461 1427 2535 reliquias
1443 2461 1551 2534 posuit.
1568 2461 1604 2517 at
1619 2460 1699 2517 aliud
1716 2461 1842 2534 quidem
1859 2477 1932 2533 opus

289 2562 356 2614 antc
368 2558 445 2614 fores
460 2558 550 2632 hujus
564 2560 733 2615 venerandae
748 2557 874 2615 basilicae
884 2558 967 2616 valde
978 2559 1123 2632 optimum
1136 2559 1260 2634 peregit:
1272 2558 1341 2632 quia
1352 2575 1435 2616 saera
1442 2559 1568 2633 pridem,
1580 2576 1644 2632 qaas
1655 2557 1789 2615 latebant
1800 2558 1931 2633 populis,

287 2655 390 2712 limina
405 2673 521 2712 samma
537 2656 634 2713 studio
647 2656 785 2712 omnibus
796 2645 951 2713 manifesta
960 2655 1121 2726 constituit,
1138 2673 1205 2714 cum
1216 2656 1335 2732 pulchre
1348 2658 1468 2714 decoros
1478 2657 1587 2715 ibidem
1599 2673 1685 2712 arcus
1697 2675 1714 2712 a
1725 2656 1932 2713 fundamentis

290 2759 481 2822 construeret,
496 2771 569 2827 quos
585 2753 672 2810 etiam
688 2754 776 2811 variis
791 2754 913 2827 picturis
929 2754 1019 2810 nitide
1034 2754 1189 2812 decoravit.

326 2852 404 2909 490
419 2851 483 2924 lpse
496 2869 563 2909 vero
579 2871 595 2908 u
613 2855 668 2909 Deo
679 2856 829 2924 protectas
845 2857 874 2907 et
889 2851 1046 2925 praelarus
1061 2850 1189 2925 pontifex
1200 2869 1252 2926 pra
1268 2851 1395 2909 remedio
1405 2856 1433 2908 et
1444 2852 1542 2909 futura
1553 2852 1725 2909 animaene
1735 2851 1933 2908 retributione

290 2965 437 3006 cameram
463 2949 596 3022 praesepii
618 2949 733 3006 Domini
757 2949 849 3006 nostri
867 2949 937 3006 lesu
953 2949 1071 3021 Christi,
1087 2949 1164 3022 quad
1180 2949 1307 3006 basilicae
1330 2949 1421 3006 beata
1437 2948 1487 3006 Dei
1509 2949 1662 3006 Genitricir
1679 2949 1807 3005 dominae
1823 2954 1932 3006 nostre

289 3047 481 3114 connectitur,
498 3066 561 3119 quea
577 3048 669 3118 Major
684 3048 719 3104 ab
735 3047 874 3104 omnibus
884 3051 1081 3119 nuncapatur,
1094 3047 1240 3120 argenteis
1251 3047 1359 3104 tabulis
1370 3063 1402 3103 aa
1413 3045 1570 3114 deauratis,
1582 3045 1760 3103 habentibus
1770 3045 1932 3103 historiam

289 3145 378 3201 baala
394 3146 444 3201 Doi
461 3145 615 3202 Genitricis
632 3145 738 3217 Mariae,
750 3145 906 3218 magnifice
921 3151 1007 3219 atque
1022 3146 1166 3219 precipue
1177 3143 1359 3218 perornavit:
1377 3146 1455 3218 quod
1468 3143 1566 3201 nuilus
1577 3143 1750 3218 pontificum
1762 3162 1816 3218 per
1826 3149 1875 3200 tot
1885 3163 1934 3200 an·

235 3243 253 3297 5
272 3259 377 3304 aarum
392 3243 538 3299 curricula
552 3243 587 3299 ad
604 3243 677 3299 tanti
695 3243 807 3300 decoris
822 3243 947 3316 speciem
965 3244 1121 3316 perducere
1136 3244 1294 3299 arbitratus
1309 3247 1362 3298 cst.
1379 3243 1506 3300 Hicvero
1522 3240 1638 3314 presul,
1655 3259 1722 3298 curn
1737 3242 1931 3300 deomuibus
2017 3295 2018 3304 .

289 3341 420 3397 ecclesiis
435 3341 557 3397 sollicite
572 3358 673 3397 curam
685 3345 805 3414 gereret,
821 3341 909 3397 etiam
925 3339 1076 3397 basilicam
1093 3341 1167 3398 santi
1183 3341 1367 3415 Archangeli,
1382 3359 1445 3412 que
1456 3340 1485 3395 in
1496 3339 1648 3396 cacumine
1660 3339 1752 3411 Fajiai
1762 3341 1803 3408 (d)
1814 3340 1931 3396 montis

289 3441 333 3493 cst
345 3439 514 3506 constituta,
524 3437 678 3512 largiorem
690 3455 778 3511 qaam
788 3439 901 3511 pridem
914 3439 1007 3494 fuerat
1017 3455 1034 3494 a
1044 3439 1242 3494 fundamentis
1253 3437 1420 3511 perfaciles
1431 3437 1615 3494 radiantibus
1626 3436 1749 3510 picturis
1759 3435 1933 3495 luculenter

288 3535 368 3607 pingi
376 3535 477 3607 jussit,
490 3553 522 3591 ac
536 3541 632 3591 sarcia
643 3540 719 3591 tecla
729 3536 793 3607 ejas
804 3535 916 3591 noviter
925 3535 1109 3591 restauravit.
1120 3535 1172 3591 Ubi
1184 3535 1328 3592 ctabtalit
1338 3536 1474 3591 vastesde
1484 3534 1593 3592 imiailo
1604 3539 1738 3608 quatuor,
1751 3534 1896 3592 similiter
1903 3541 1931 3592 et

288 3629 351 3687 rela
359 3637 495 3702 quatuor.
506 3632 569 3704 ipse
577 3649 643 3688 vero
652 3631 797 3687 almificus
805 3636 832 3688 et
841 3631 1029 3688 beatissimus
1037 3649 1113 3704 papa
1122 3631 1253 3688 scholam
1264 3636 1428 3702 cantorum,
1438 3649 1502 3705 quae
1511 3631 1624 3705 pridem
1634 3631 1930 3706 orphanotrophium
2017 3687 2018 3712 ,

237 3728 271 3783 10
289 3728 525 3797 evocabatuacum
542 3745 600 3800 pra
614 3728 705 3784 nimia
716 3733 858 3785 vetustate
869 3745 942 3801 pene
952 3728 981 3784 ia
991 3729 1107 3784 rainam
1118 3730 1213 3802 posita
1224 3735 1311 3803 atque
1322 3730 1471 3786 confracta
1480 3729 1636 3800 videretur,
1649 3729 1701 3786 Dei
1712 3736 1864 3786 annuente
1875 3730 1931 3787 cle·

288 3825 408 3896 mentia,
425 3843 441 3882 a
457 3825 656 3882 fundamentis
671 3826 701 3881 in
718 3825 867 3882 meliorem
885 3831 917 3882 ut
928 3826 997 3882 olim
1009 3829 1103 3883 fuerat
1114 3831 1222 3883 statum
1239 3828 1349 3884 noviter
1362 3827 1546 3884 restauravit.
1559 3827 1632 3885 Nam
1644 3831 1672 3884 et
1682 3826 1835 3884 basilicam
1847 3827 1930 3884 beati

287 3923 410 3979 Romani
428 3923 573 3997 martyris,
590 3940 654 3996 qaae
670 3941 727 3980 non
743 3923 829 3998 longe
844 3924 880 3980 ab
897 3923 972 3980 Urbe
988 3924 1058 3980 foris
1073 3929 1157 3997 porta
1168 3924 1281 3981 Salaria
1295 3924 1353 3980 sita
1367 3928 1421 3992 est,
1438 3924 1669 3981 afundameatis
1684 3925 1815 3997 perfecit,
1832 3942 1928 3997 quam
2017 3915 2018 3968 ἒ

288 4019 375 4076 etiam
392 4021 477 4077 titulo
494 4025 662 4076 sanctarum
678 4019 809 4077 Silvestri
825 4025 854 4077 et
869 4020 985 4078 Martini
1001 4021 1169 4094 parochiam
1185 4037 1248 4077 csse
1263 4021 1399 4077 decrevit.
1417 4021 1496 4078 fecit
1511 4025 1609 4078 autem
1624 4026 1653 4078 et
1663 4021 1818 4078 basilicam
1829 4023 1929 4079 saneti

287 4117 432 4174 Theodori
448 4118 595 4190 martyris,
613 4135 676 4190 quae
691 4118 720 4172 in
747 4117 865 4174 Carenis
880 4117 993 4174 videtur
1008 4117 1116 4174 fluibus
1140 4117 1235 4190 posita
1258 4116 1394 4174 milliario
1408 4117 1444 4173 ab
1460 4119 1531 4174 arba
1546 4118 1638 4175 Roma
1653 4117 1816 4192 trigesimo,
1832 4136 1928 4193 quam
2017 4139 2018 4148 ¹

235 4216 269 4270 le
287 4215 375 4271 etiarn
392 4214 545 4289 splendide
560 4215 682 4288 picturis
698 4214 877 4289 fulgentibus
893 4215 1048 4272 decoravit.

322 4314 396 4371 491
416 4312 493 4369 fecit
508 4317 605 4369 autem
620 4313 650 4368 in
667 4311 788 4369 basilica
801 4311 879 4368 beati
891 4312 967 4369 Petri
987 4311 1111 4385 apostoli
1127 4316 1236 4368 vestem
1254 4312 1289 4368 ds
1303 4311 1500 4386 chrysoclavo,
1513 4313 1667 4371 habentem
1678 4314 1708 4370 ia
1720 4313 1927 4373 mediaSalaa·
2017 4301 2018 4320 .

286 4409 358 4467 toris
372 4410 511 4484 effigiem,
526 4413 554 4466 et
564 4411 664 4466 dextra
678 4409 807 4482 levaque
817 4410 882 4482 ejus
897 4409 1027 4465 omnium
1044 4414 1212 4465 sanctorum
1223 4409 1421 4482 apostolorum
1433 4410 1587 4467 rutilantes
1598 4412 1718 4485 figuras,
1730 4428 1823 4485 quam
1834 4415 1926 4471 etiam
2017 4463 2018 4476 ,

286 4507 507 4582 pretiosissimis
521 4508 646 4582 gemmis
656 4509 783 4580 prasinis
795 4507 1030 4582 etbyaciatlrinis
1041 4508 1216 4580 perornavit.
1230 4508 1320 4582 igitur
1330 4525 1516 4582 summopore
1527 4514 1752 4567 consummatus
1762 4512 1828 4584 ipse
1838 4529 1856 4567 a
1867 4512 1928 4570 aaa

286 4610 436 4679 protectas
449 4609 478 4662 et
493 4605 682 4662 beatissimas
697 4621 783 4678 papa,
801 4605 848 4678 pia
863 4605 1015 4661 devotione
1026 4604 1170 4662 sollicitus
1182 4623 1233 4679 pra
1245 4605 1431 4663 desiderabili
1444 4605 1597 4663 dilectione
1608 4611 1779 4664 sauctorum
1790 4608 1926 4666 Silvestri

250 4703 268 4757 5
286 4707 314 4757 et
327 4701 441 4757 Martini
458 4701 621 4770 ecclesiam,
639 4719 702 4774 quae
718 4706 817 4759 sancto
834 4719 934 4759 caram
951 4701 1045 4758 fuerat
1060 4702 1170 4758 nomini
1188 4708 1366 4772 consecrata,
1383 4721 1471 4778 quarn
1499 4704 1535 4761 ab
1555 4705 1672 4761 exordio
1696 4707 1856 4763 sacerdotii
1879 4707 1926 4764 sai

287 4814 440 4871 usquequa
455 4799 490 4854 ad
507 4800 694 4871 pontificatus
709 4798 824 4856 culmen
841 4800 985 4856 deductus
999 4787 1045 4855 'est
1059 4805 1177 4857 strenus
1191 4800 1372 4874 gubernavit,
1384 4806 1413 4858 et
1428 4819 1479 4876 por
1490 4801 1599 4859 olitana
1610 4807 1742 4877 tempora
1753 4803 1868 4861 defecta
1878 4821 1926 4861 re·
2017 4859 2018 4874 ,

286 4897 395 4949 tastate
411 4901 575 4952 marcuerat
590 4896 740 4970 ruinisque
756 4899 904 4954 confracta
918 4896 968 4952 diu
985 4896 1149 4970 antiquitus
1164 4897 1289 4954 lacerata
1306 4900 1454 4967 manebat,
1471 4899 1522 4957 Dci
1543 4907 1690 4958 annuente
1706 4901 1877 4971 clementia,
1894 4903 1923 4958 iu

287 4987 435 5044 meliorem
451 4991 706 5066 pulchrioromque
721 4998 830 5051 statum
846 5013 863 5051 a
878 4993 1078 5051 fundamentis
1090 4995 1222 5068 perfecit.
1241 4993 1379 5053 ¹tbsidam
1392 5013 1508 5071 quoquc
1520 4997 1614 5071 ipsius
1625 4998 1721 5055 aureis
1732 4999 1851 5056 musiva
1864 5017 1926 5073 per·

288 5084 353 5140 fuso
368 5084 515 5142 coloribus
529 5089 639 5160 ingenti
655 5108 754 5148 amore
769 5092 908 5166 depinxit.
925 5095 960 5148 nt
974 5093 1009 5148 ad
1025 5092 1165 5149 honorem
1181 5091 1391 5166 omnipotentis
1406 5093 1467 5162 Dei,
1483 5093 1675 5168 ejusdemque
1686 5093 1854 5152 beatissimi
1868 5095 1924 5154 sit-

234 5184 268 5239 fO
286 5181 374 5238 vestri
389 5183 532 5255 presulis
550 5202 654 5256 corpus
665 5204 732 5244 cum
742 5189 912 5246 beatissimo
926 5189 1050 5248 fabiano
1062 5195 1149 5262 atque
1161 5189 1318 5264 Stephano,
1330 5194 1359 5246 et
1370 5192 1469 5248 Sotere
1482 5192 1661 5266 martyribus
1674 5207 1708 5246 ac
1719 5193 1923 5265 pontificibus,

286 5279 554 5360 simulqaeAsterio
565 5287 691 5356 martyre
700 5301 766 5342 cam
779 5287 978 5344 sacratissima
988 5289 1048 5344 tilia
1057 5289 1132 5360 ejus,
1145 5292 1303 5362 sanataque
1313 5289 1432 5363 (tyriaca
1442 5294 1470 5346 et
1482 5290 1591 5355 llaura,
1603 5289 1696 5362 Largo
1707 5295 1736 5345 et
1747 5291 1922 5366 Smaragdo,
2017 5325 2018 5336 .

286 5383 373 5451 atquc
387 5378 542 5434 Anastasio
557 5383 585 5435 et
601 5380 767 5438 innocentio
783 5384 980 5455 pontificibus,
997 5402 1057 5442 une
1071 5401 1138 5442 cum
1154 5389 1256 5442 sancto
1273 5385 1392 5453 Quirino
1411 5403 1444 5442 aa
1459 5387 1554 5443 Loonc
1569 5385 1726 5459 episcopis,
1742 5389 1857 5460 paritor
1870 5395 1923 5444 Ar·

286 5474 407 5542 themio‚
424 5474 579 5542 Nicandro,
596 5476 800 5535 crescentiano
815 5481 1004 5554 martyribus,
1020 5499 1088 5538 curn
1104 5482 1213 5555 quibus
1230 5485 1316 5538 beata
1331 5481 1431 5539 Sofera
1445 5487 1534 5557 atquc
1549 5479 1680 5551 Paulina,
1698 5501 1815 5543 necnon
1832 5487 1923 5543 biem-

289 5571 356 5640 mia,
370 5572 488 5628 Juliaaa
503 5577 532 5629 ct
547 5573 678 5641 Quirilla,
694 5575 857 5647 theopiste,
884 5578 992 5649 Sophia
1015 5579 1179 5653 virginibus
1195 5585 1282 5652 atque
1297 5581 1486 5654 martyribus,
1502 5585 1531 5637 et
1557 5579 1642 5636 beata
1663 5579 1804 5647 Quiriaca
1824 5583 1922 5652 addua,

234 5668 267 5722 15
285 5683 352 5723 cum
368 5668 433 5724 aliis
444 5667 546 5724 multis
557 5687 681 5743 quorum
696 5669 815 5727 nomina
830 5672 888 5729 Deo
904 5673 957 5730 soii
975 5679 1044 5732 suat
1057 5676 1183 5749 cognita,
1195 5680 1336 5749 utrosque
1348 5677 1403 5733 sub
1416 5691 1499 5732 sacro
1511 5675 1595 5732 altari
1606 5675 1747 5733 dedicans
1759 5676 1921 5735 collocarit.

321 5766 398 5822 ΔΜ
415 5767 464 5822 His
479 5766 569 5839 igitur
584 5768 738 5843 magnifiee
762 5770 895 5842 peractis,
921 5773 1048 5844 gratanti
1072 5773 1171 5828 animo
1195 5777 1351 5845 menteque
1377 5772 1500 5831 sollicita
1516 5773 1621 5832 obtulit
1632 5772 1663 5829 ia
1678 5774 1783 5832 eadem
1799 5775 1924 5832 eeclesia

286 5861 451 5933 perenniter
465 5861 525 5918 heac
540 5867 754 5937 permanenda:
772 5867 904 5940 Regnum
921 5883 1042 5923 aureum
1057 5868 1139 5924 raldo
1154 5867 1402 5939 pretiosissimum
1417 5888 1486 5930 cum
1501 5871 1626 5948 gemmis
1640 5869 1783 5945 prasinis,
1800 5871 1924 5945 hyacin-

804 5981 929 6029 aarum
950 5980 1140 6028 uenerantes
1162 5980 1321 6028 caenaret.

251 6054 289 6126 (a)
303 6056 416 6114 Plotina
431 6059 462 6115 ia
475 6057 580 6128 serata
594 6063 640 6115 (tt
650 6063 728 6121 aare
742 6061 877 6125 tiaraani.
