4072 6170
231 199 308 282 ,rsa
820 207 1376 274 sussrssunrnnroruucanu.
1860 205 1911 290 ier

331 350 491 438 patricius,
509 347 654 429 eoquod
674 345 826 410 Mauricio
846 343 950 408 omnis
971 343 1126 408 exercitus
1146 343 1245 406 ltalia
1267 347 1465 407 sacramenia
1486 332 1623 408 dedisset
1637 343 1690 429 (a),
1705 348 1784 414 misit
1800 352 1911 438 Donum,

331 459 516 539 magistrum
538 455 673 517 militum
696 457 727 516 et
747 452 945 515 sacellarium
967 470 1072 525 suurn,
1089 451 1130 513 ad
1149 449 1308 512 civitatem
1333 453 1465 512 itomam
1486 470 1558 514 cum
1581 453 1728 530 exercitu,
1743 457 1794 538 qui
1811 464 1916 530 veniens

330 571 364 633 in
385 566 542 630 civitatem
565 565 751 636 itomanam,
775 577 884 622 omnes
910 557 1043 639 judices,
1067 577 1121 620 seu
1153 556 1308 619 exercitus
1331 557 1502 631 Romanus,
1526 557 1586 630 Qui
1607 558 1693 640 prius
1712 577 1743 623 se
1763 581 1827 626 cum
1845 567 1917 633 Mau·

331 677 409 740 ricio
429 674 626 736 sacramento
657 667 919 740 constrinxerant,
952 664 1065 727 timore
1099 663 1186 726 ducti
1215 662 1409 726 dimittentes
1439 663 1625 727 Mauricium
1655 664 1865 735 chartularium
1878 675 1919 758 (l),

272 793 309 855 le
331 802 442 851 omnes
461 798 494 842 se
515 796 587 841 cum
608 777 731 838 Domuo
749 771 925 854 junxerunt
943 769 994 853 (c).

376 896 459 952 m
486 883 530 967 (d)
564 885 604 945 Et
632 881 773 961 ingresso
804 897 842 942 eo
869 880 1003 940 Romam
1032 874 1113 956 iugit
1140 873 1311 938 Mauricius
1337 874 1379 937 ad
1407 875 1533 938 besum
1563 876 1693 939 Mariam
1721 879 1761 940 ad
1791 883 1922 968 Praseps,

333 1014 427 1081 quem
459 991 606 1054 tollentes
633 986 830 1049 deecclesia
867 984 1021 1046 miserunt
1056 980 1163 1062 bojam
1193 979 1230 1062 (e)
1258 981 1291 1042 in
1318 981 1434 1044 collum
1461 984 1541 1063 ejus.
1571 982 1721 1046 Similiter
1758 993 1789 1050 et
1824 1009 1924 1071 omnes,

335 1101 451 1188 quiin
479 1094 610 1160 consilio
637 1111 708 1156 cum
737 1091 806 1173 ipso
834 1091 972 1165 fuerant,
1000 1086 1171 1168 imhojatos
1200 1087 1237 1168 (l)
1266 1087 1351 1150 misit
1379 1091 1563 1151 Ravennam
1592 1107 1649 1170 per
1682 1109 1792 1156 manus
1816 1097 1927 1162 Maurici

336 1207 496 1280 scribonis,
521 1207 553 1266 et
578 1199 727 1264 Thomati
752 1197 794 1280 (p)
823 1195 1019 1261 chartularii.
1042 1194 1102 1268 Qui
1131 1193 1322 1257 deducentes
1349 1212 1403 1257 eos
1439 1201 1654 1276 pervenerunt
1676 1196 1769 1278 juxta
1795 1201 1928 1268 civitatem

296 1316 551 1386 tiliavennatem
585 1307 618 1368 in
652 1306 757 1368 locum
787 1303 841 1385 qui
871 1302 986 1364 dieitur
1015 1299 1139 1363 Piculas
1161 1299 1202 1382 (t)
1232 1299 1418 1364 duodecimo
1451 1301 1598 1366 milliario
1627 1320 1647 1365 a
1673 1302 1812 1384 civitate,
1847 1315 1874 1372 at
1895 1311 1929 1374 ibi

336 1421 573 1489 decollaverunt
607 1411 805 1486 Mauricium,
837 1409 913 1491 quia
939 1407 983 1470 sic
1010 1407 1043 1469 in
1073 1406 1230 1469 mandatis
1267 1413 1457 1490 acceperant
1491 1426 1512 1470 a
1545 1409 1759 1492 suprascripto
1784 1413 1880 1490 isacio,
1903 1425 1931 1480 ut

337 1531 430 1595 unius
458 1524 617 1587 civitatem
654 1521 868 1581 Ravennatem
898 1533 961 1577 non
1002 1513 1232 1594 ingrederetur.
1262 1515 1302 1576 Et
1326 1517 1496 1596 postquam
1531 1512 1707 1579 decollatus
1734 1519 1931 1594 estimantes

337 1639 434 1718 caput
460 1629 539 1712 ejus,
570 1625 729 1689 duxeruut
756 1621 794 1704 (a)
824 1623 1019 1684 micenam.
1062 1619 1179 1683 Videns
1215 1625 1322 1682 autem
1360 1620 1476 1683 isacius
1517 1627 1614 1704 caput
1647 1622 1801 1700 Mauricii,
1829 1627 1932 1706 gavisus

339 1751 397 1810 est.
425 1743 465 1803 Et
491 1733 566 1799 lecit
591 1733 633 1796 ad
660 1729 840 1810 exemplum
868 1726 1041 1789 multorum
1069 1725 1102 1787 in
1131 1725 1214 1787 circo
1243 1727 1426 1790 Ravennate
1457 1724 1491 1788 iu
1525 1726 1665 1808 stipitem
1697 1729 1784 1810 poni.
1805 1729 1871 1794 lllos
1888 1751 1932 1796 an.

279 1856 318 1920 l0
338 1859 401 1915 tem
423 1843 479 1926 qui
499 1859 571 1906 cum
591 1839 660 1921 ipso
681 1836 792 1900 directi
812 1835 939 1898 fuerant
959 1850 1068 1895 omnes
1088 1831 1258 1914 imhojalos
1281 1831 1323 1914 (y)
1345 1831 1441 1912 jussit
1468 1837 1556 1894 arcta
1582 1833 1727 1898 custodia
1747 1835 1779 1898 in
1805 1854 1934 1902 carcemn

339 1953 433 2029 mitti,
464 1947 606 2029 cogitem
635 1961 689 2006 eos
716 1940 876 2023 quomodo
904 1940 1050 2020 puniret;
1080 1939 1134 2001 sed
1162 1957 1232 2001 curn
1269 1957 1307 2001 ea
1342 1943 1512 2019 agerentur
1547 1957 1620 2002 mox
1654 1941 1713 2003 liei
1742 1941 1856 2023 judicio
1879 1945 1937 2026 ipsis

340 2047 455 2126 diebus
471 2069 636 2138 percussus
657 2047 764 2111 divino
785 2047 850 2110 ictu
870 2046 991 2108 interiit
1010 2045 1138 2123 isacius,
1162 2048 1193 2107 et
1214 2050 1357 2108 mortuus
1386 2051 1444 2108 est.
1468 2045 1494 2109 li
1523 2051 1630 2109 autem
1652 2047 1711 2130 qui
1732 2049 1839 2112 reclusi
1857 2057 1937 2122 erant,

342 2169 493 2232 exeuntes
512 2159 552 2222 de
573 2173 710 2230 carcere,
731 2152 849 2216 reversi
870 2158 944 2214 sunt
964 2150 1081 2232 singuli
1102 2169 1158 2233 per
1186 2151 1258 2214 loca
1289 2169 1357 2214 sua.
1379 2153 1517 2215 Audiens
1539 2151 1600 2215 hoc
1621 2152 1796 2234 imperator
1815 2155 1863 2238 (ir),
1882 2159 1938 2238 quis

344 2274 510 2338 deiunctus
531 2271 579 2329 est
598 2261 726 2340 isacius,
744 2259 830 2322 misit
848 2258 1050 2322 'theodorum
1073 2257 1241 2340 patricium
1262 2256 1447 2335 exarchum,
1463 2257 1514 2321 cui
1527 2266 1777 2352 cognomentum
1792 2263 1937 2347 Gallioppa,

286 2386 324 2448 lb
345 2382 386 2447 ad
407 2373 578 2458 regendam
598 2385 725 2433 omnem
748 2365 882 2430 ltaliam.

386 2491 465 2548 m
495 2477 573 2562 ipsis
607 2473 804 2558 temporibus
836 2472 924 2535 venit
957 2469 1099 2552 Pyrrhus
1120 2489 1158 2533 ex
1179 2471 1295 2548 hir-ica,
1319 2470 1374 2552 qui
1410 2471 1513 2536 iuerat
1545 2473 1733 2554 patriarcha
1752 2476 1939 2540 musunien-

343 2593 515 2678 politanus,
536 2585 570 2648 in
592 2584 703 2646 urbem
734 2583 867 2644 Romam
898 2579 939 2641 ad
970 2578 1085 2641 limina
1105 2579 1321 2660 sportolorum
1343 2577 1391 2660 (i).
1415 2579 1475 2653 Oui
1494 2579 1653 2659 ingrasnus
1684 2581 1823 2644 libellum
1851 2583 1940 2645 obium

344 2717 415 2765 cum
438 2713 495 2759 sua
514 2688 744 2771 subscriptione
765 2685 946 2768 apostolieae
976 2688 1092 2746 nostrae
1114 2682 1197 2747 sedis
1217 2684 1250 2745 in
1272 2685 1441 2765 prasentia
1461 2686 1566 2748 cuncti
1598 2686 1674 2750 cleri
1698 2694 1731 2750 et
1752 2689 1864 2771 populi,
1882 2708 1938 2752 cor·

343 2808 498 2871 demnaua
518 2799 551 2862 iu
572 2798 684 2862 eodem
705 2793 812 2858 libello
834 2791 942 2855 omnia
967 2809 1039 2870 quae
1060 2808 1079 2852 a
1100 2809 1134 2853 se
1162 2791 1212 2854 vel
1234 2809 1253 2853 a
1274 2791 1493 2855 decessoribus
1510 2791 1575 2854 suis
1595 2793 1718 2877 scripta
1738 2794 1786 2857 vel
1806 2801 1869 2858 acta
1884 2801 1940 2858 cunt

302 2914 491 2980 bodversus
524 2902 760 2968 immaculatam
795 2903 935 2962 nostram
969 2895 1077 2958 iidem.
1099 2897 1154 2959 liis
1187 2896 1296 2979 itaque
1317 2898 1358 2960 ab
1380 2916 1418 2960 eo
1446 2896 1594 2978 peractis,
1616 2898 1695 2962 iecit
1731 2919 1801 2986 eom
1834 2919 1938 2964 munera

344 3034 475 3098 erogare
495 3013 528 3075 in
548 3009 701 3092 populum
725 3007 789 3089 (m),
811 3010 842 3068 et
872 3002 1057 3066 cathedram
1078 3003 1107 3065 ei
1128 3003 1205 3084 poni
1230 3003 1324 3084 juxta
1353 3003 1463 3078 altare,
1487 3003 1650 3066 honorans
1671 3023 1748 3068 eum
1770 3011 1804 3069 ut
1822 3007 1939 3070 sacerdo·

345 3129 410 3186 tem
431 3119 526 3199 regim
547 3115 693 3187 civitatis,
713 3113 828 3174 Postea
848 3127 957 3171 rursus
978 3127 1066 3172 mure
1086 3110 1174 3171 cauis
1201 3107 1242 3170 ad
1272 3109 1436 3190 proprium
1466 3109 1640 3191 impietatis
1661 3111 1816 3175 vomitum
1836 3111 1939 3194 repeda·
1986 3092 1987 3136 ³

344 3228 390 3290 vit
410 3225 465 3307 (ab
488 3225 578 3285 Tunc
597 3217 811 3282 sanctissimus
825 3213 1010 3278 ‘theodorus
1032 3232 1126 3296 papa,
1145 3232 1323 3276 convocans
1345 3215 1509 3278 universos
1529 3213 1568 3297 (o)
1591 3215 1781 3280 Sacerdotes
1800 3223 1829 3280 et
1847 3218 1939 3280 elerum

343 3335 377 3397 in
396 3329 528 3396 ecclesia
548 3325 634 3390 beati
652 3323 739 3388 Petri
760 3321 977 3405 apostolorum
999 3320 1162 3402 principis,
1186 3318 1409 3382 condemnavit
1429 3339 1502 3382 eum
1528 3322 1587 3384 sub
1607 3321 1740 3386 viuculo
1762 3323 1942 3386 anathematis

285 3443 323 3506 re
339 3439 434 3521 juxta
455 3433 630 3499 mercedem
652 3449 690 3494 ae
711 3428 951 3492 retributionem
973 3427 1101 3508 proprie
1130 3425 1398 3506 transgressionis,
1421 3426 1607 3490 canonicam
1634 3447 1767 3508 poenam
1787 3430 1847 3492 sire
1865 3429 1939 3510 depo

344 3538 671 3620 sitionamexcipiens
692 3537 751 3618 (p).
773 3533 833 3608 Qui
854 3533 1022 3615 pradictus
1043 3531 1183 3613 Pyrrhus
1205 3549 1347 3594 reversus
1368 3538 1416 3595 est
1436 3533 1469 3595 in
1492 3539 1597 3615 partes
1618 3535 1770 3598 Orientis.

384 3656 466 3711 m
488 3645 606 3709 Eodem
629 3649 771 3722 tempore
793 3640 933 3702 relevata
953 3644 1027 3700 sunt
1054 3655 1189 3718 corpora
1209 3643 1392 3700 sanctorum
1425 3644 1599 3720 martyrum
1623 3639 1734 3716 Primi,
1758 3647 1790 3705 et
1809 3637 1939 3712 satiriani,

343 3775 414 3838 qum
436 3757 526 3817 mant
546 3751 579 3813 iu
600 3747 746 3812 arenario
767 3745 902 3827 sepulta,
926 3745 977 3807 via
998 3746 1210 3818 Numeutaua,
1232 3749 1264 3806 et
1285 3744 1423 3808 adducta
1444 3750 1519 3809 suut
1539 3747 1571 3808 in
1595 3747 1710 3810 urbem
1733 3751 1869 3812 liemam.
1883 3746 1939 3818 Oua

343 3868 375 3926 et
395 3858 558 3924 recondita
578 3860 652 3918 sunt
672 3853 705 3916 in
726 3853 858 3917 basilica
878 3852 963 3913 beati
984 3849 1139 3931 Stephani
1167 3852 1409 3933 protomartyris
1430 3851 1485 3934 (q),
1508 3852 1563 3940 ubi
1584 3857 1616 3915 et
1645 3853 1736 3917 dona
1764 3853 1879 3926 obtulit,
1897 3869 1939 3932 ga·

341 3968 456 4030 bathae
477 3981 589 4027 aureas
609 3967 683 4036 tres,
708 3959 831 4022 tabulas
852 3977 891 4020 ex
913 3962 1045 4038 argento
1075 3961 1149 4018 ante
1180 3956 1421 4035 confessionam,
1445 3976 1536 4021 arcus
1567 3963 1740 4038 argenteos
1771 3960 1855 4022 dues.
1874 3957 1940 4022 Fecit

302 4078 321 4139 5
342 4073 506 4139 ecclesiam
526 4071 619 4133 beato
640 4067 820 4140 Valentino,
842 4064 894 4127 via
923 4064 1091 4138 Flaminia,
1111 4061 1206 4142 juxta
1226 4068 1355 4143 pontem
1379 4062 1521 4125 Milvium
1553 4082 1573 4126 a
1603 4063 1684 4139 solo,
1709 4083 1804 4147 quam
1824 4065 1883 4146 ipss
1899 4063 1940 4124 de·

341 4180 469 4254 dicavit,
491 4183 522 4241 et
543 4176 627 4240 dona
648 4176 748 4237 multa
768 4173 893 4237 obtulit.
917 4173 1004 4234 Fecit
1023 4169 1197 4232 oratorium
1231 4169 1323 4232 beato
1354 4169 1503 4233 Silvestre
1526 4169 1566 4252 (r)
1587 4170 1671 4234 intra
1694 4171 1878 4254 episcopium
1896 4171 1941 4231 La·

339 4270 517 4354 teranense,
541 4284 596 4346 ubi
615 4288 647 4346 et
668 4282 753 4345 dona
773 4281 906 4361 largitus
922 4282 980 4340 est.
996 4277 1082 4340 Fecit
1102 4281 1134 4337 et
1154 4277 1328 4339 oratorium
1350 4277 1444 4340 beato
1466 4277 1567 4358 lluplo
1589 4279 1725 4358 martyri
1746 4280 1819 4341 ioris
1839 4281 1939 4358 portam

338 4394 424 4457 beati
444 4392 535 4455 Pauli
555 4389 701 4472 apostoli,
724 4387 811 4470 quod
832 4388 927 4450 etiam
947 4384 1084 4446 ornavit.

381 4506 464 4562 m
486 4498 521 4581 (a)
542 4501 630 4560 Tunc
650 4493 866 4558 sanctissimus
886 4490 1072 4554 Theodorus
1102 4507 1187 4571 papa
1208 4491 1332 4571 scripsit
1353 4492 1451 4553 Paulo
1472 4489 1663 4572 patriarchae
1694 4492 1789 4574 regia
1817 4485 1937 4580 civitatis,

337 4613 403 4669 tam
425 4623 540 4685 rogans
562 4619 722 4684 quamque
743 4598 931 4680 regulariter
951 4597 1129 4677 increpans,
1153 4613 1276 4658 necnon
1299 4614 1355 4677 per
1382 4597 1600 4678 apocrisarios,
1624 4603 1660 4660 ut
1679 4599 1801 4662 dictum
1821 4601 1873 4670 est,
1892 4609 1936 4674 pru

338 4713 399 4774 hoe
420 4709 556 4773 maxime
577 4707 750 4771 destinatos
769 4703 1010 4787 presentialiter
1030 4703 1205 4766 admoneus
1224 4708 1256 4764 et
1276 4709 1468 4781 cenwelans,
1492 4711 1651 4786 quatenus
1670 4705 1833 4788 proprium
1852 4717 1936 4764 emen·

336 4817 428 4879 daret
447 4819 673 4891 commentum,
695 4819 790 4894 atque
810 4812 851 4875 ad
872 4810 1080 4874 orthodoxam
1111 4809 1207 4871 tidem
1237 4809 1402 4873 catholicae
1431 4811 1577 4875 licelesiae
1608 4817 1774 4876 remearet.
1795 4811 1833 4874 Et
1851 4821 1933 4886 neque

296 4923 493 5002 droganice,
518 4939 620 5003 neque
654 4920 854 5002 increpantes
888 4920 1060 5000 potuerunt
1087 4934 1160 4979 eum
1181 4934 1202 4977 a
1222 4935 1279 4978 suo
1301 4916 1468 4981 conamine
1502 4936 1632 5001 quoquo
1667 4917 1763 4982 modo
1797 4927 1931 4980 revocare.

724 5147 727 5154 '
841 5165 967 5214 neruum
986 5164 1181 5213 arsurumne
1202 5163 1364 5213 rannerus.

287 5375 327 5446 (c)
342 5374 423 5439 Quod
437 5371 594 5429 Mauricius
609 5387 676 5428 cum
691 5372 772 5429 omni
787 5370 914 5428 exercitu
930 5369 981 5427 tali
1005 5373 1188 5428 sacramenta
1211 5368 1267 5427 sibi
1291 5371 1415 5429 invicem
1439 5371 1599 5430 dedissent.
1637 5372 1675 5442 (i)
1689 5369 1723 5438 B,
1738 5367 1801 5426 cdd.
1816 5357 1928 5424 Romani·

251 5448 288 5517 (c)
304 5461 405 5503 omnes
421 5462 451 5502 se
467 5445 501 5501 ad
519 5443 595 5499 dona
610 5447 768 5499 verterunt.
805 5443 844 5512 (d)
862 5443 924 5499 Vide
942 5443 1033 5500 Boron
1048 5443 1083 5498 ud
1099 5443 1279 5498 onollcmini
1293 5443 1355 5500 643.
1394 5446 1429 5512 (a)
1446 5443 1558 5515 Bojam,
1576 5444 1605 5500 id
1623 5451 1662 5501 est
1678 5441 1828 5498 vimulum.
1862 5429 1931 5506 (lib

246 5517 338 5588 latos.
377 5517 462 5588 (pili,
479 5513 637 5572 Thomasii.
679 5515 716 5586 (l)
739 5513 863 5570 Picudas
893 5513 1322 5580 teneraemondensis
1350 5515 1430 5571 hodie
1452 5517 1559 5572 cerum.
1597 5517 1677 5584 (ric,
1695 5511 1846 5585 portarunt
1870 5515 1932 5583 rum·

251 5587 286 5662 (J')
302 5588 474 5657 B,bo‘alos,
512 5586 706 5672 (hidensium.
745 5587 780 5715 (tp
795 5584 857 5642 Vide
871 5585 961 5640 Boron
976 5585 1011 5640 ud
1035 5603 1090 5668 una
1113 5585 1223 5640 Domini
1234 5587 1311 5666 645..
1336 5587 1385 5659 (m)
1400 5586 1429 5642 in
1466 5585 1564 5660 epulo.
1603 5587 1810 5670 ininversus..
1839 5569 1942 5704 (apide.

248 5663 343 5788 {spirea
370 5676 461 5788 Donp
475 5659 667 5786 Ι[ἷξῖἓιιηιόἰι8.
705 5657 744 5732 (p)
783 5655 976 5728 ,decernens
1013 5661 1052 5729 (q)
1067 5675 1097 5713 rn
1123 5661 1222 5713 monte
1244 5655 1342 5713 cmlro.
1380 5660 1417 5728 (r)
1478 5657 1684 5726 ,Sebastrane
1729 5653 1763 5726 (a)
1779 5649 1840 5708 l'cde
1879 5655 1931 5701 nor

299 5747 357 5790 ana
393 5747 479 5789 omem
545 5772 552 5786 .
