4048 6174
237 201 297 264 ata
809 199 1017 263 aunsuusu
1038 198 1365 263 alentesuucnau.
1851 211 1899 274 980

237 339 299 399 ·20
319 337 417 416 ginta.
441 332 505 395 lllis
540 333 661 396 interea
689 333 799 396 diebus
828 333 1115 415 Constantinopolis
1149 333 1313 396 biennium
1343 338 1431 397 esta
1457 353 1515 396 nee
1533 323 1682 398 ‘mendis
1710 336 1753 420 (u)
1778 340 1902 420 Agameia

319 449 455 512 obsessa.
479 450 540 512 Sed
571 453 635 513 Deo
666 451 710 513 eis
739 451 898 514 contrario
928 449 1066 511 maxima
1096 449 1160 512 illic
1186 469 1295 512 eorum
1328 455 1418 532 parte
1448 451 1532 513 lame
1562 469 1600 513 ac
1637 451 1718 515 bello
1745 453 1905 539 interempta

319 565 442 627 coniusi
463 571 659 630 recesserunt
679 570 782 630 Leone
804 566 967 648 principe,
990 585 1065 628 nem
1087 569 1119 628 et
1139 565 1281 647 ejusdem
1308 565 1443 629 civitatis
1464 568 1618 648 populum
1649 573 1783 632 trecenta
1810 572 1906 638 dictum

319 687 366 745 est
388 680 488 743 millia
514 679 629 746 diversi
656 701 749 745 sexus
777 687 809 744 et
838 682 938 744 atatis
965 682 1060 745 fuisse
1089 681 1275 745 necessitate
1303 687 1460 744 vastatum
1490 683 1744 766 pestilentlae(b).

360 814 441 867 ¹88
464 803 503 885 (e)
525 803 570 864 Eo
599 819 738 881 namque
760 805 900 881 ternpore
923 798 1063 861 moribus
1089 803 1173 860 certe
1204 801 1344 860 Honesta
1372 803 1403 860 et
1431 799 1559 862 nomine
1588 799 1743 881 pontilicis
1768 806 1856 864 mater
1879 805 1909 866 ab

317 922 378 984 hac
405 921 470 984 vita
498 918 659 981 subtracta
687 919 743 978 est.
772 917 848 977 Post
875 914 964 995 cujus
994 915 1117 978 obitum
1156 914 1323 995 Gregorius
1360 914 1490 976 domum
1519 916 1682 995 propriam
1714 916 1747 977 in
1780 916 1908 982 honorem

317 1043 434 1100 sanctae
462 1034 576 1098 Christi
603 1031 750 1113 martyris
778 1029 923 1110 Agathe,
952 1029 1066 1091 additis
1094 1048 1114 1091 a
1141 1029 1347 1092 laudamento
1378 1029 1559 1104 coenaculis,
1588 1030 1639 1094 vel
1676 1049 1746 1112 que
1782 1039 1910 1098 monaste

315 1155 364 1216 ria
385 1153 427 1235 (d)
454 1156 545 1214 erant
580 1148 756 1212 necessaria
783 1165 802 1208 a
830 1166 912 1209 uovo
941 1146 1129 1209 construxit.
1159 1145 1284 1209 Praedia
1320 1145 1385 1208 illic
1422 1145 1459 1228 (e)
1489 1148 1613 1208 urbana
1652 1147 1701 1209 vel
1737 1148 1843 1210 rustica
1867 1169 1909 1230 pro

276 1270 545 1334 emonnchorurn
575 1265 691 1329 obtulit
719 1263 914 1327 necessitate.
942 1263 1029 1326 Fecit
1057 1269 1163 1326 autem
1189 1262 1223 1324 in
1252 1263 1363 1326 eadem
1402 1261 1534 1326 ecclesia
1561 1262 1664 1325 beatae
1691 1262 1817 1344 Agatha
1840 1263 1908 1327 eibe-

317 1389 400 1450 rium
429 1405 466 1448 ex
506 1387 650 1464 argento,
680 1379 765 1460 quod
802 1397 890 1460 pens.
920 1377 1018 1441 libras
1054 1378 1271 1459 septingentas
1306 1383 1339 1441 et
1373 1377 1485 1460 viginti
1513 1377 1576 1460 (s),
1605 1397 1698 1441 arcus
1732 1385 1847 1460 argent.
1870 1399 1911 1443 sex

314 1521 404 1586 pens.
436 1501 516 1581 sing.
548 1499 603 1561 lib.
633 1495 824 1578 quindecim,
854 1493 991 1557 canistra
1017 1494 1138 1570 decem,
1166 1513 1258 1576 pene.
1288 1494 1369 1575 sing.
1399 1494 1455 1556 lib.
1481 1493 1662 1570 duodecim,
1691 1498 1723 1558 et
1758 1494 1817 1556 alia
1844 1495 1911 1558 dena

315 1619 416 1682 multa
442 1615 574 1696 largitus
601 1618 658 1676 est.
694 1613 740 1674 lio
771 1601 912 1692 tempore
949 1615 1087 1673 castrum
1118 1615 1166 1673 est
1202 1611 1328 1674 Narniae
1357 1629 1376 1674 a
1404 1609 1620 1691 longobardis
1660 1629 1831 1692 pervasum.
1862 1613 1912 1676 lica

314 1753 389 1796 vero
418 1732 699 1812 Longobardorum
729 1726 955 1808 Luitprandus,
983 1726 1124 1807 generali
1154 1727 1293 1790 motione
1316 1727 1412 1801 laeta,
1439 1729 1625 1790 Ravennam
1661 1745 1837 1808 progressus
1865 1733 1933 1803 ests

256 1854 412 1930 ibatque
440 1848 527 1910 illam
555 1844 679 1908 obsedit
706 1863 763 1925 per
799 1843 865 1906 dies
901 1843 1023 1924 aliquot
1057 1849 1090 1907 et
1126 1849 1265 1906 castrum
1294 1843 1480 1925 pervadens,
1511 1843 1627 1906 classes
1665 1848 1772 1925 captas
1808 1843 1912 1907 abstulit

314 1965 421 2047 plures
458 1968 489 2025 et
524 1980 600 2042 opes
638 1959 769 2022 abstulit
806 1959 990 2021 innumeras
1028 1959 1082 2042 (p).
1121 1961 1198 2022 Post
1234 1960 1357 2040 alipuot
1393 1959 1460 2023 dies
1496 1957 1632 2022 Basilius
1672 1958 1747 2033 dux,
1782 1959 1910 2022 lordauer

200 2107 202 2112 ·
315 2077 537 2152 chartularius,
567 2080 598 2138 et
622 2077 760 2139 loannes
788 2073 1009 2150 subdiaconus,
1039 2081 1248 2156 cognomento
1275 2075 1405 2152 Ladon,
1435 2075 1601 2138 consilium
1630 2074 1771 2138 inierunt
1797 2080 1829 2137 ut
1851 2093 1912 2156 pon·

314 2195 431 2284 tilleem
462 2191 689 2255 interficerent.
728 2189 847 2262 Quibus
879 2207 1042 2252 assensum
1080 2191 1232 2267 Marinus,
1261 2191 1434 2272 imperialis
1471 2191 1641 2272 spatarius,
1670 2191 1726 2273 qui
1761 2193 1910 2254 Romanum

312 2311 462 2372 ducatum
491 2307 630 2381 tenebat,
659 2323 678 2366 a
704 2305 791 2384 regia
814 2305 927 2367 missus
956 2305 1044 2382 urbe,
1074 2306 1264 2388 imperatore
1292 2307 1476 2382 mandante,
1493 2307 1554 2370 hoc
1580 2307 1749 2389 probavit3
1778 2307 1828 2370 sed
1851 2311 1911 2371 tem

253 2431 290 2490 lt
313 2445 372 2508 pus
397 2424 538 2486 iuvenire
566 2440 630 2484 uon
660 2425 840 2502 potuerunt,
872 2421 948 2502 quie
981 2421 1037 2484 Dei
1069 2422 1190 2502 judicio
1228 2423 1400 2486 dissolutus
1428 2429 1459 2486 et
1485 2427 1671 2487 contractus
1706 2429 1763 2501 est,
1791 2427 1821 2487 et
1843 2423 1913 2486 sica

312 2545 414 2605 Roma
441 2539 596 2603 receessit.
627 2537 833 2600 Postmodum
860 2538 978 2600 Paulus
1007 2539 1158 2619 patricius
1185 2543 1217 2602 et
1245 2539 1400 2604 exarchus
1428 2541 1542 2603 missus
1574 2540 1608 2602 in
1637 2539 1761 2604 ltaliam
1795 2543 1846 2614 est,
1871 2537 1911 2619 qui
1975 2595 1976 2606 ,

313 2661 430 2733 denuo,
461 2661 498 2717 ut
523 2655 584 2716 hoe
608 2653 710 2715 scelus
732 2653 931 2734 perlicerent,
960 2653 1209 2716 meditabantur.
1235 2657 1375 2729 Quorum
1409 2655 1575 2718 consilium
1612 2655 1765 2740 Romanis
1799 2655 1910 2736 patciac-

312 2781 381 2837 tum
411 2778 469 2847 est,
497 2771 552 2852 qui
580 2775 680 2831 morte
707 2767 747 2850 (t)
777 2768 882 2829 cuncti
908 2767 1081 2831 Jordanem
1109 2769 1336 2833 iuterfecerunt
1363 2774 1395 2833 et
1421 2773 1580 2835 loannem
1603 2771 1785 2834 Luu'ouem.
1806 2769 1912 2832 llasilius

298 2895 401 2965 'vero,
430 2887 605 2950 monachus
633 2886 747 2959 lectus,
775 2885 809 2946 iu
836 2885 907 2946 loco
935 2883 1072 2965 quodam
1102 2891 1243 2948 retrusus
1271 2886 1369 2948 vitam
1397 2885 1510 2948 finivit.
1541 2886 1663 2948 Paulus
1688 2903 1762 2948 vero
1784 2882 1910 2946 examhus

252 3009 294 3071 20
313 3003 513 3088 imperatoris
537 3001 678 3081 jussione
707 2999 852 3062 eumdem
881 2999 1062 3080 pontillcem
1090 3001 1265 3063 conabatur
1293 2999 1483 3076 interlicere,
1510 3019 1611 3082 eoque
1645 3019 1774 3064 censum
1800 2999 1830 3060 in
1854 3017 1910 3080 pro·

313 3122 417 3183 vincia
444 3137 563 3202 ponere
589 3115 815 3198 praepediebat,
846 3119 877 3176 et
904 3116 1058 3195 cogitaret
1086 3116 1150 3177 suis
1178 3115 1292 3197 opibus
1320 3114 1466 3180 ecelesias
1493 3115 1671 3196 denudare,
1700 3115 1779 3178 sicut
1811 3113 1840 3178 in
1862 3131 1909 3174 ee·

241 3233 244 3238 ’
312 3237 387 3300 teris
413 3241 519 3298 aetum
549 3238 596 3296 est
620 3231 707 3306 locis,
738 3237 833 3312 atque
862 3230 958 3294 alium
987 3231 1019 3293 in
1048 3231 1116 3312 ejus
1144 3231 1306 3294 ordinaret
1333 3231 1419 3294 loeo.
1448 3231 1525 3294 Post
1553 3230 1640 3294 hunc
1669 3231 1841 3313 spatharius
1855 3245 1908 3290 eun

305 3351 499 3434 jussionibus
527 3349 639 3411 missus
663 3353 710 3410 est
737 3348 826 3422 alter,
858 3352 893 3408 ut
918 3347 1064 3410 Pontifex
1090 3365 1111 3408 a
1139 3365 1195 3410 sua
1223 3347 1296 3410 sede
1323 3353 1533 3410 amoveretur.
1563 3349 1678 3412 Denuo
1701 3347 1813 3410 Paulus
1836 3339 1911 3426 patri,

309 3471 375 3532 cius
403 3468 442 3531 ad
476 3465 702 3549 perficiendum
740 3461 803 3526 tale
841 3463 954 3539 scelus,
983 3482 1063 3544 quos
1100 3463 1250 3526 seducere
1286 3463 1391 3545 potuit
1427 3483 1467 3527 ex
1502 3466 1658 3526 Ravenna
1694 3463 1729 3546 (a)
1767 3479 1832 3525 curu
1866 3477 1907 3520 sue

251 3587 289 3646 Pb
312 3584 436 3661 comite,
468 3587 564 3662 atque
591 3599 631 3642 ax
660 3579 769 3641 castris
805 3577 931 3658 aliquos
961 3578 1055 3640 misit.
1085 3578 1145 3641 Sed
1178 3579 1271 3642 motis
1310 3579 1469 3655 Romanis,
1502 3582 1597 3660 atque
1632 3577 1775 3660 undique
1807 3579 1907 3654 lengo

308 3699 415 3760 bardis
444 3716 501 3778 pro
530 3694 712 3757 defensioue
738 3693 896 3775 pontilicis
933 3694 965 3755 iu
1001 3693 1125 3757 Salario
1161 3701 1259 3777 ponte
1296 3695 1463 3778 Spoletini,
1493 3700 1588 3777 atque
1625 3694 1704 3758 hinc
1740 3693 1810 3757 iude
1833 3691 1906 3754 duces

300 3783 587 3893 'Langobardorum
617 3807 848 3871 circumdantes
877 3811 1091 3871 Romanorum
1120 3809 1198 3872 fines
1228 3807 1289 3873 hoc
1317 3811 1562 3893 praepedierunt.

350 3936 431 3990 m
459 3923 658 3990 iussionibus
685 3924 793 4004 itaque
822 3925 1023 4006 postmodum
1054 3925 1155 3988 missis
1184 3927 1368 3990 decreverat
1395 3927 1570 4009 imperator
1598 3925 1655 4009 (Ji,
1679 3933 1716 3990 ut
1743 3925 1824 3989 nulla
1847 3923 1906 3986 inra-

308 4063 348 4126 go
385 4041 553 4124 cujuslibet
589 4039 700 4116 sancti,
732 4043 787 4102 eut
826 4039 984 4120 martyris,
1015 4047 1073 4103 aut
1109 4043 1214 4121 angeli
1253 4041 1432 4124 ubicunque
1471 4042 1643 4105 haberetur
1681 4041 1736 4124 (k),
1767 4035 1906 4101 maledieta

306 4159 390 4223 enim
418 4156 526 4220 omnia
553 4155 722 4230 asserebat,
754 4162 786 4217 et
813 4155 839 4216 si
867 4155 1080 4236 acquiesceret
1114 4158 1146 4218 in
1181 4157 1243 4220 hoc
1283 4158 1437 4240 pontifex,
1469 4157 1605 4239 gratiam
1641 4154 1836 4240 imperatoris
1862 4152 1904 4211 ha-

304 4276 412 4349 beret;
442 4273 468 4335 si
495 4277 527 4334 et
556 4272 615 4333 hoc
644 4271 712 4333 lieri
741 4269 943 4352 praepediret,
975 4289 994 4332 a
1023 4290 1079 4333 suo
1108 4271 1209 4351 gradu
1245 4273 1414 4336 decideret.
1445 4273 1626 4355 Respiciens
1667 4291 1743 4353 ergo
1779 4270 1842 4353 pius
1869 4264 1904 4324 tir

236 4392 469 4472 '5proiauem
494 4386 645 4468 principis
670 4385 857 4466 jussionem,
883 4363 952 4465 jam
982 4391 1089 4448 contra
1120 4387 1343 4470 imperatorem
1372 4388 1463 4472 quasi
1503 4393 1613 4451 contra
1650 4389 1774 4452 hostem
1809 4401 1838 4446 se
1861 4397 1900 4442 ar·

304 4506 413 4582 mavit,
442 4523 577 4567 renuens
606 4501 752 4564 haeresim
782 4501 861 4580 ejus,
891 4501 1031 4565 scribens
1068 4503 1186 4584 ubique
1222 4523 1334 4566 cavere
1372 4521 1404 4567 se
1442 4504 1649 4580 Christianos,
1678 4523 1717 4569 eo
1745 4499 1825 4584 quod
1848 4499 1902 4558 ortu

302 4622 412 4684 luisset
438 4621 583 4701 impietas
611 4617 682 4680 talis
709 4616 757 4699 (l).
786 4617 885 4697 igitur
914 4619 1049 4700 permoti
1077 4637 1187 4681 omnes
1214 4619 1465 4702 Pentapoleuses
1493 4627 1587 4702 atque
1614 4619 1812 4685 venetiarum
1829 4627 1900 4675 exer·

304 4737 384 4798 citus
421 4741 533 4797 contra
573 4733 772 4813 imperatoris
806 4731 981 4812 jussionem
1018 4735 1236 4812 restituerunt,
1261 4737 1411 4812 dicentes,
1442 4755 1605 4818 uunquam
1643 4755 1677 4799 se
1715 4735 1747 4796 in
1784 4726 1899 4811 ejusdem

303 4849 460 4929 pontificis
488 4846 735 4911 condescendere
763 4867 851 4924 nece,
881 4849 936 4912 serl
964 4868 1021 4931 pro
1048 4849 1116 4930 ejus
1145 4851 1246 4932 magis
1286 4851 1468 4915 defensione
1506 4851 1639 4915 viriliter
1674 4849 1838 4913 decertare.
1861 4841 1898 4901 ltt

244 4965 282 5026 10
303 4967 338 5024 ut
365 4963 559 5026 anathemati
588 4963 723 5025 Paulum
751 4963 934 5038 exarchum,
963 4965 1013 5026 vel
1050 4967 1105 5046 qui
1142 4985 1214 5028 eum
1243 4966 1403 5029 direxerat
1433 4967 1495 5050 (nr),
1524 4966 1657 5050 ejusque
1692 4965 1896 5028 consentaneos
1971 4945 1972 4968 ¹

302 5075 501 5152 submittunt,
526 5083 709 5158 spernentes
737 5059 966 5143 orrlihationem
999 5081 1067 5161 ejus
1103 5082 1164 5144 sibi
1200 5101 1310 5144 omues
1340 5082 1457 5164 ubique
1494 5083 1528 5168 iu
1565 5081 1657 5146 ltalia
1693 5082 1785 5143 duces
1814 5071 1898 5149 alege·

301 5197 375 5257 runt
400 5189 452 5273 (n),
482 5197 577 5272 atquc
612 5191 655 5254 sic
693 5193 731 5253 de
768 5193 926 5272 pontilicis
955 5195 1057 5277 deque
1095 5217 1153 5259 sua
1193 5197 1394 5260 immunitate
1431 5179 1536 5262 euueti
1572 5197 1753 5261 studebant.
1787 5182 1897 5268 cognita

299 5329 373 5373 vero
400 5307 600 5389 imperatoris
630 5308 782 5387 nequitie,
814 5311 1035 5412 omnisnltalia
1064 5313 1230 5376 consilium
1258 5313 1330 5376 iniit
1357 5320 1393 5376 ut
1420 5314 1480 5376 sibi
1507 5314 1660 5395 eligerent
1696 5307 1892 5390 imperatorem

811 5458 937 5505 NOTULAE
958 5461 1153 5512 athenaeus
1174 5464 1336 5512 sneaorn.

253 5575 291 5648 (e)
307 5577 337 5640 C,
353 5594 410 5632 non
424 5575 619 5634 nominandis.
665 5573 703 5642 (b)
715 5573 755 5629 lle
767 5591 824 5646 quo
840 5575 947 5648 populo
962 5596 1028 5635 voro
1042 5581 1172 5650 ejusdem
1189 5580 1315 5636 civitatis
1325 5597 1375 5636 ece
1388 5579 1480 5638 millia
1506 5582 1624 5640 diverse
1644 5575 1737 5634 etatis
1750 5565 1893 5646 pestilente

216 5649 523 5721 vastanteperiarunt.
553 5647 707 5718 (e)Beron.
724 5646 922 5706 edanum.
951 5652 988 5723 (d)
1005 5652 1193 5708 monasterio.
1223 5656 1258 5718 (e)
1276 5652 1306 5719 B,
1323 5651 1377 5710 illi.
1409 5657 1443 5724 (Ι)
1457 5653 1549 5722 G,22.
1578 5655 1615 5728 (9)
1632 5653 1738 5707 Boron·
1758 5655 1824 5700 Μ·
1841 5631 1890 5688 7²⁶·

214 5718 260 5800 (t)
271 5719 302 5786 B,
320 5722 407 5804 moti..
444 5723 476 5792 (i)
491 5716 718 5777 Rauennatibus.
749 5719 968 5802 (y'nlflheoimper.
998 5723 1220 5848 (lg-sodomum
1241 5723 1373 5794 jusserat
1395 5724 1510 5797 deponi,
1527 5731 1556 5782 et
1572 5721 1695 5790 incendi,
1724 5719 1824 5790 (oque
1841 5707 1891 5761 ΟΜ

218 5787 577 5863 suissetrmpuetatem,B.
611 5789 660 5861 (m)
676 5789 706 5858 B,
723 5805 773 5860 qur
789 5789 1003 5849 silescentem
1040 5797 1172 5848 erexerat.
1202 5795 1284 5863 (n)B,
1302 5794 1536 5870 morieligerent.

449 6024 556 6122 Α
