4052 6164
8 121 10 128 ’
129 147 195 214 rur
461 143 646 214 runnu
668 139 723 202 un
744 138 845 203 viris
865 135 965 201 nou.
982 135 1100 199 nour.
1116 167 1154 182 -
1168 135 1399 198 suessanus
1420 133 1471 197 u.
1734 133 1814 197 lice

184 279 343 344 institutam
355 279 454 354 Monte
468 280 551 344 bete,
561 273 662 336 intulit
674 273 794 330 dicens:
810 271 969 344 Μαὶιριιιιιι
979 287 1012 327 ue
1025 269 1142 342 potioris
1153 269 1243 326 ιιιύσνε
1253 268 1302 341 ic).
1314 272 1347 324 ln
1359 267 1413 324 hac
1423 263 1614 341 itaquellrhe‚
1622 267 1701 340 quod
1711 267 1813 326 duleus

186 377 261 446 dico,
271 377 461 440 ¹rnatuiuutur
471 375 591 448 quidam
606 372 657 446 qui
672 389 732 430 uon
745 370 841 430 sotum
857 367 1005 426 maleilcos
1019 383 1077 424 uon
1094 367 1250 440 impetunt,
1265 365 1315 423 sed
1336 365 1435 440 potius
1460 371 1581 422 tuentur
1595 369 1624 423 et
1639 365 1744 424 levent.
1761 366 1815 423 Per

143 475 171 534 l0
187 491 263 550 quos
269 473 518 536 immutationibus
532 471 712 546 quibusdam
725 469 872 526 demones
886 465 1037 525 consulere
1052 482 1111 522 non
1126 465 1396 539 perhorrescunl,et
1405 463 1509 521 divina
1522 463 1596 539 legis
1606 469 1634 522 et
1643 463 1814 539 Apostolica

187 573 325 634 destricta
339 573 537 641 immemores,
554 587 619 644 qna
633 569 748 626 intonat
762 567 864 623 dicens
880 581 887 622 :
905 563 971 634 Qua
982 565 1158 639 participatio
1178 565 1236 620 tuci
1248 563 1283 620 od
1295 563 1428 632 tenebras,
1444 572 1493 620 cat
1505 573 1650 622 conventas
1666 565 1776 622 Christo
1791 571 1817 621 et

187 673 299 734 aalide
312 671 350 744 (b)
362 673 396 730 iu
412 670 467 728 hcc
481 667 561 726 euim
575 669 652 742 quod
668 667 783 724 Christo
798 667 965 737 contempto
980 663 1127 720 daemones
1142 661 1272 737 gentium
1288 677 1369 718 more
1393 662 1561 729 consulunt,
1586 663 1767 720 Christianos
1784 681 1816 721 sc

187 770 363 832 omnimodis
378 785 436 826 nou
451 783 516 824 esse
534 767 673 824 lbtentm.
689 765 770 832 Quod
786 781 877 838 quam
892 761 1042 833 horribile,
1057 777 1206 835 quamque
1222 760 1260 817 sit
1274 761 1441 834 profanum,
1457 765 1491 816 ut
1513 760 1627 819 Christo
1650 766 1816 836 contempto

187 871 333 930 demones
343 865 649 935 Christiaunsadcret,
660 863 865 936 uuusquisque
880 861 1050 936 perpendat,
1066 861 1099 915 ut
1112 858 1170 916 tale
1188 859 1300 916 lacinus
1315 857 1377 914 fieri
1393 857 1605 931 perhorrescat.
1621 861 1816 926 Quamobrem

144 972 174 1032 ιδ
189 965 323 1044 quisquis
335 965 473 1038 deinceps
483 961 533 1020 lali
544 961 678 1036 contagio
689 977 720 1018 sa
731 959 860 1034 polluere
870 956 1166 1024 meuseritalienum
1177 955 1282 1013 vivillci
1294 955 1355 1012 fieri
1366 956 1496 1029 corporis
1504 959 1533 1013 et
1543 957 1817 1032 sanguinisllomini

187 1065 279 1124 nostri
293 1063 363 1122 iesu
378 1059 487 1119 Christi
502 1059 630 1135 Spiritus
645 1059 738 1116 sancti
749 1057 873 1131 judicic,
887 1058 979 1115 donec
995 1072 1013 1112 a
1027 1058 1111 1112 tanta
1126 1053 1279 1128 resipiscat
1293 1053 1418 1130 ignavia,
1431 1053 1612 1126 judicamus.
1620 1055 1674 1122 Qui
1683 1073 1750 1116 vcro
1758 1060 1818 1114 tam

188 1162 362 1228 aninum
371 1158 536 1218 interdictis
550 1161 733 1231 ecommptor
747 1155 899 1224 exstiterit,
911 1159 939 1212 at
954 1153 985 1210 iu
1001 1154 1103 1210 eadem
1118 1151 1256 1226 pestilera
1271 1151 1432 1226 pertinacia
1444 1168 1633 1226 perseverans
1648 1153 1819 1230 resipiscere

185 1259 355 1336 urghmrit,
369 1261 543 1333 perpetuum
557 1272 578 1312 a
589 1256 649 1314 Dec
663 1255 746 1311 Patre
760 1258 789 1311 et
802 1253 872 1312 iesu
888 1252 1002 1310 Christo
1019 1250 1091 1309 Filio
1106 1251 1170 1324 ejus
1185 1249 1224 1307 sit
1238 1250 1405 1307 anathema.

221 1359 300 1418 ω
318 1351 871 1430 tumquatallaisteprastantissimus
886 1349 992 1425 presul
1007 1349 1153 1419 existeret,
1169 1349 1198 1404 et
1211 1346 1241 1403 in
1257 1347 1303 1404 his
1318 1364 1382 1421 qna
1405 1348 1503 1407 divino
1531 1349 1624 1408 cultui
1644 1352 1821 1411 conveniunt

188 1455 333 1518 cuturn
347 1457 554 1528 peremerant,
568 1455 651 1508 tauta
665 1451 707 1510 illi
723 1455 769 1508 est
781 1449 923 1508 divinitus
938 1448 1032 1522 gratia
1045 1463 1196 1514 concessa,
1211 1449 1246 1502 ut
1269 1445 1413 1520 quidquid
1437 1446 1544 1506 habere
1568 1455 1704 1524 potuerat
1727 1453 1819 1510 sacris

188 1551 472 1620 munerebus,
487 1549 618 1625 septiens
631 1549 803 1618 redimebat,
818 1546 961 1606 sollicitus
974 1545 1103 1604 existens
1117 1561 1169 1618 pro
1194 1542 1289 1601 salute
1313 1545 1458 1614 omnium,
1475 1545 1545 1620 quia
1572 1564 1639 1606 cnm
1669 1548 1748 1608 lama
1772 1551 1819 1609 sui

189 1653 324 1712 minin
340 1655 428 1724 atque
451 1653 575 1708 aetum
594 1651 658 1704 tam
678 1663 732 1721 per
744 1646 905 1704 orientales
919 1661 1009 1720 quom
1024 1641 1224 1701 Occidentales
1239 1647 1337 1717 partes
1351 1643 1564 1714 diffamaretur,
1578 1663 1652 1720 pene
1666 1665 1769 1708 omnes
1783 1651 1819 1708 ad
1868 1656 1871 1664 “

156 1755 265 1814 bean.
273 1749 469 1810 sumebant
475 1747 586 1820 utrius
592 1744 826 1803 benedictionem
837 1745 1029 1818 perciperent.
1041 1743 1115 1800 Nam
1125 1741 1202 1799 inter
1213 1741 1271 1800 alia
1281 1742 1317 1799 de
1328 1741 1467 1814 donariis,
1479 1759 1543 1816 que
1551 1743 1689 1802 Ecclesiis
1698 1745 1821 1806 diversis

189 1849 326 1918 mutatis,
337 1846 680 1921 lmgamestananura.
695 1842 804 1900 Verum
830 1847 865 1899 ut
885 1843 922 1899 de
945 1840 1048 1900 multis
1075 1858 1169 1915 pauca
1194 1842 1338 1910 dicamus,
1356 1857 1424 1898 cum
1450 1841 1479 1898 iu
1502 1841 1623 1901 basilica
1646 1843 1724 1902 beati
1744 1847 1821 1904 Petri

189 1945 389 2022 apostulorum
401 1942 553 2018 principis,
568 1942 618 2001 ubi
634 1943 717 2000 sacro
736 1941 801 2015 ipse
823 1958 946 2015 corpere
966 1939 1132 2013 mquiescit,
1148 1943 1280 1998 cerneret
1309 1939 1461 1998 nocturnis
1489 1939 1642 2000 laudibus·
1656 1942 1704 2000 vix
1730 1943 1822 2002 semel

189 2043 391 2120 munds
415 2041 569 2098 incensum
593 2039 701 2110 ollorri,
718 2039 847 2096 instituit
871 2043 904 2096 ut
926 2055 981 2113 per
1007 2037 1141 2113 singulas
1167 2037 1307 2096 lectiones
1322 2043 1350 2095 et
1365 2039 1551 2112 responsoria
1564 2040 1727 2100 adoleatur.
1743 2043 1776 2103 ut
1791 2043 1821 2100 in

190 2141 315 2219 pergula
326 2140 423 2216 ipsium
435 2137 565 2198 mahen
577 2137 642 2212 ipse
656 2137 832 2196 reverendus
846 2153 923 2211 papa
937 2137 973 2194 ob
990 2153 1120 2194 amorem
1134 2136 1212 2194 beati
1223 2137 1298 2193 Petri
1310 2137 1463 2194 nutritoris
1477 2137 1523 2194 sui
1539 2137 1636 2212 posuit
1651 2140 1822 2199 cantharam

142 2245 310 2304 ubuum
326 2255 430 2310 mann,
444 2253 514 2296 curu
533 2233 669 2310 pretiosis
693 2235 864 2310 margaritis
885 2241 914 2292 ct
936 2234 1071 2310 gemmis,
1088 2251 1121 2292 ac
1137 2233 1336 2301 eraclianam
1351 2233 1558 2308 perpendiculo
1573 2237 1609 2294 ad
1623 2237 1822 2312 pendendum.

191 2341 313 2402 &cnon
324 2342 354 2397 st
367 2337 514 2395 incudem
527 2329 687 2392 vensmbili
709 2333 831 2390 basilica
853 2333 948 2391 sancti
971 2333 1047 2390 Petri
1073 2331 1180 2390 obtulit
1204 2349 1329 2406 regnum
1352 2350 1474 2390 aureum
1498 2351 1601 2404 unum,
1618 2352 1686 2392 cum
1702 2336 1825 2397 diversis

192 2435 369 2512 margaritis,
384 2433 520 2508 spatham
536 2449 604 2490 cum
620 2430 725 2506 vagum
739 2432 775 2489 de
790 2448 872 2500 eurr»,
888 2436 916 2488 et
930 2431 1056 2506 gemmis
1071 2447 1139 2488 cum
1153 2430 1249 2488 balteo
1265 2447 1366 2486 unam.
1383 2430 1511 2487 Contulit
1525 2431 1618 2500 etiam
1633 2438 1662 2491 et
1677 2434 1706 2492 iu
1722 2438 1824 2496 eadem

191 2533 438 2594 meneuvensis
454 2547 554 2600 amm,
571 2545 638 2588 crim
654 2528 860 2586 nuroetulbis
875 2528 1023 2602 gemmis:
1039 2528 1102 2584 vcla
1126 2528 1219 2584 serica
1242 2526 1272 2583 iu
1299 2527 1422 2584 circuitu
1449 2527 1550 2585 altaris
1579 2535 1714 2604 quatuor,
1731 2534 1782 2592 sed
1797 2538 1826 2592 et

191 2630 337 2692 homelias
347 2629 426 2689 baali
439 2627 571 2702 Gregorii
587 2643 710 2684 numeru
721 2625 926 2699 quadraginta.
935 2627 966 2682 ln
978 2643 1036 2699 qua
1050 2624 1219 2698 supradicta
1232 2624 1390 2682 venerabili
1400 2624 1522 2684 basilica
1532 2643 1601 2685 cum
1611 2627 1689 2686 idem
1700 2631 1825 2691 sanctis-

142 2733 180 2792 iis
192 2729 287 2792 usuras
293 2727 541 2802 pspwtomniurn
551 2725 689 2782 chiorum
700 2723 881 2781 fortissimus
890 2723 1066 2797 exstirpator
1075 2723 1182 2780 malam
1190 2721 1432 2780 consuetudinem
1443 2721 1825 2806 invenissetutpresbyteri,

193 2827 244 2903 qni
259 2825 370 2883 ibidem
384 2824 509 2883 Domino
523 2822 703 2880 escutiolam
716 2821 847 2895 quotidie
861 2821 1032 2889 offerebant,
1049 2819 1129 2877 omni
1156 2837 1232 2877 auno
1259 2837 1348 2877 unam
1373 2818 1515 2878 mulctam
1546 2825 1827 2886 consuetudinaliter

192 2925 313 2991 darunt,
323 2939 415 2996 quam
428 2919 672 2979 consuetudinem
688 2923 796 2976 sancta
810 2917 956 2976 memorie
971 2919 1098 2976 domnus
1114 2919 1245 2976 Marinus
1261 2937 1337 2993 papa
1352 2924 1521 2978 antecessor
1535 2921 1599 2994 ejus
1624 2921 1761 2998 fregerat,
1774 2926 1826 2983 sed

192 3019 439 3094 mrbmptioniuus
451 3017 647 3092 qummdom
663 3016 817 3074 boninum
831 3020 965 3090 tempore
976 3014 1095 3072 Adriani
1111 3015 1189 3072 tertii
1205 3032 1286 3089 papa
1302 3015 1600 3090 repullulaverat.sub
1617 3018 1683 3075 lorti
1699 3021 1826 3080 obtesta-

194 3116 427 3192 tionepsncepit
441 3119 475 3174 ut
488 3113 589 3173 nullus
604 3113 901 3188 usquamobeis,uon
917 3113 1013 3171 solum
1027 3113 1199 3182 hco,verum
1215 3114 1305 3171 etiam
1320 3113 1439 3188 aliquod
1455 3114 1826 3192 tributumacciperet;sed

139 3218 184 3276 iti
193 3231 264 3276 um
277 3213 364 3274 omui
373 3214 485 3280 bonone
497 3212 575 3271 sicut
590 3212 755 3270 sacerdotes
770 3215 883 3284 oportet
897 3228 985 3270 suurn
1000 3228 1137 3286 peragere
1151 3211 1283 3269 officium
1297 3211 1339 3268 eis
1350 3210 1459 3268 liceret.
1478 3212 1558 3270 idem
1574 3218 1673 3272 autem
1689 3218 1826 3276 sacratis·

194 3313 290 3377 imus
305 3311 412 3387 praesul
427 3327 479 3385 pro
493 3309 545 3366 aui
555 3311 733 3384 sempiterna
747 3308 889 3365 memoria
902 3325 970 3366 cum
983 3309 1164 3384 conspiceret
1178 3308 1330 3366 nocturnis
1343 3307 1451 3382 vigiliis
1465 3309 1495 3365 iu
1513 3309 1636 3369 ecclesia
1645 3315 1827 3389 majorique

194 3415 315 3470 monim
329 3412 436 3468 sancta
451 3413 480 3466 et
493 3406 714 3481 superexaltate
729 3405 780 3464 Dei
796 3405 950 3463 Genitricla
961 3406 1059 3462 Maria
1070 3407 1106 3464 ad
1117 3406 1257 3479 Proesepc,
1269 3405 1421 3480 lampades
1432 3409 1704 3467 consuetudinariae
1715 3413 1826 3483 demae,

194 3507 344 3583 gabathas
354 3509 508 3579 argenteas
523 3521 591 3563 cum
606 3503 793 3579 lampadibus
808 3503 924 3576 obtulit,
940 3508 968 3561 et
981 3502 1174 3561 continuatim
1197 3502 1304 3578 vigiliis
1329 3505 1430 3562 ardere
1453 3504 1600 3580 praecepit.
1616 3507 1734 3566 Necnon
1749 3509 1827 3569 idem

195 3604 374 3666 mitissimus
388 3603 518 3677 pontifex
532 3601 603 3660 iecit
615 3601 645 3658 in
661 3602 763 3659 andem
779 3602 919 3677 predicta
931 3602 1053 3660 basilica
1065 3602 1129 3659 vela
1144 3603 1307 3676 quatuorin
1317 3603 1441 3662 circuitu
1452 3603 1553 3664 altaris
1564 3607 1828 3684 majoris,qucrum

138 3705 179 3765 ἦ
196 3703 345 3764 habunt
355 3702 395 3760 da
405 3701 499 3760 urion
513 3699 637 3775 pigneio,
653 3701 772 3758 tertium
787 3701 960 3776 pavonatile,
975 3705 1114 3776 quadum
1129 3702 1165 3759 de
1178 3700 1383 3772 Alexandrino,
1397 3707 1534 3761 ornatum
1548 3709 1643 3766 totum
1659 3706 1689 3764 in
1704 3708 1828 3769 circuitu

190 3801 233 3862 ,ds
247 3799 375 3865 &vara

229 3898 310 3958 ut·
322 3896 455 3971 Denique
468 3897 642 3972 sepedictus
657 3915 674 3954 a
687 3897 746 3955 ileo
761 3900 909 3972 protectus
925 3894 1131 3954 suauissimus
1144 3913 1220 3972 papa
1234 3897 1270 3954 ob
1285 3897 1508 3957 retributionem
1524 3899 1628 3958 anima
1644 3919 1706 3960 sue
1719 3903 1787 3962 lecit
1797 3906 1828 3963 in

193 3994 319 4056 musta
329 3994 411 4054 beati
423 3994 505 4053 Pauli
518 3993 643 4068 apostoli
657 3995 789 4054 demone
799 3993 933 4072 gentium
945 4011 1068 4070 regnum
1079 4012 1114 4053 ex
1123 4012 1194 4052 auro
1205 3995 1364 4068 purissimo
1375 3988 1479 4068 unum,
1492 3998 1692 4060 cnm-diversis
1701 4003 1828 4076 gemmis

194 4094 284 4162 albis,
297 4092 438 4168 pransis,
453 4091 663 4167 hyacinthinis,
679 4096 709 4149 st
723 4092 754 4149 iu
769 4093 867 4152 medic
881 4091 964 4168 regui
979 4091 1158 4151 cruciculam
1174 4110 1294 4152 numam
1309 4094 1494 4168 pendentem,
1508 4113 1598 4158 uuam
1608 4114 1675 4156 cum
1686 4101 1829 4160 catenulis

195 4191 270 4262 suis,
286 4196 315 4250 st
327 4195 439 4250 samm
454 4190 579 4251 sericam
593 4207 683 4266 supra
698 4189 788 4248 altare
803 4193 902 4265 maius
913 4207 1089 4260 nuam‚curn
1100 4207 1171 4247 auro
1182 4197 1210 4249 et
1219 4191 1540 4266 gemmisliccitetiam
1556 4193 1586 4250 in
1598 4196 1699 4256 eadem
1708 4197 1830 4260 basilica
1896 4243 1901 4250 .

154 4289 185 4346 δι
196 4289 451 4365 qrq'iltnctoris
466 4289 601 4364 gentium
614 4288 764 4346 beinthem
779 4291 916 4362 quatum,
928 4288 1083 4362 exquibus
1099 4305 1191 4347 unum
1208 4306 1278 4346 uuro
1293 4293 1416 4347 textum.
1428 4290 1645 4350 Pralatusvero
1655 4295 1830 4354 venerabilis

195 4391 226 4443 et
240 4385 398 4462 pindarus
412 4385 542 4461 pontilen
554 4385 627 4444 tecit
637 4385 668 4442 iu
684 4384 807 4442 eeclesia
820 4385 936 4443 Domini
951 4387 1119 4456 Salvatoris,
1132 4403 1197 4460 qua
1216 4385 1457 4447 Constantiniana
1471 4392 1601 4460 vocatur,
1612 4395 1723 4452 vestem
1740 4410 1831 4468 supra

196 4481 401 4556 murenulas
416 4500 491 4541 auru
502 4488 613 4541 mutam
626 4499 719 4542 unam
731 4499 798 4539 curn
815 4483 937 4542 diversis
952 4485 1130 4559 margaritis.

233 4579 313 4638 m
326 4579 492 4638 hanmone
508 4584 537 4637 et
551 4579 581 4638 ln
596 4582 701 4638 eadem
714 4579 837 4638 basilica
851 4581 1049 4655 contulitjam
1069 4581 1149 4638 latus
1173 4582 1436 4641 reverendissimus
1463 4583 1569 4656 presul
1596 4583 1660 4648 vela
1687 4587 1784 4648 serica
1794 4589 1830 4647 de

196 4675 327 4734 blattinis
341 4676 619 4752 ὴμιιιηιιιιιιιιοι·
630 4678 661 4736 in
673 4679 797 4736 circuitu
813 4678 916 4735 altaris
930 4679 1061 4752 majoris,
1079 4680 1136 4736 duo
1151 4696 1186 4737 ex
1201 4679 1247 4737 his
1262 4681 1401 4754 aquileia,
1413 4685 1442 4739 et
1457 4681 1514 4740 duo
1530 4681 1565 4740 de
1579 4683 1831 4754 basilisci,cruata

197 4772 365 4831 incircuitu
374 4774 416 4830 de
426 4772 541 4832 clavero
551 4789 559 4831 :
569 4778 600 4831 et
614 4791 666 4848 per
679 4775 816 4849 singulos
826 4791 912 4832 arcus
927 4775 1099 4850 presbyterii
1113 4775 1178 4833 vela
1193 4775 1287 4835 sedon
1300 4777 1416 4835 leonata
1431 4779 1601 4854 nonaginta.¹
1617 4781 1653 4840 ut
1662 4799 1717 4857 pro
1731 4784 1830 4843 futuro

198 4872 305 4930 anima
320 4887 380 4928 sua
396 4869 525 4928 remedio
539 4871 663 4928 contulit
681 4871 789 4930 ibidem
818 4872 989 4930 cantharam
1019 4877 1187 4938 exauratam
1217 4892 1318 4945 unam,
1334 4874 1400 4933 libr.
1417 4881 1577 4935 comment.
1595 4895 1604 4936 ι
1618 4880 1830 4955 Prophetarum

154 4971 177 5028 5
198 4968 265 5028 libr.
282 4987 302 5040 ι,
317 4969 473 5028 Gestarum
488 4985 587 5026 rerum
598 4967 665 5025 libr.
679 4987 709 5026 ιι.
721 4969 794 5026 Cum
809 4974 908 5027 autem
923 4975 1000 5033 esset
1015 4971 1159 5030 sollicitor
1169 4989 1221 5046 pro
1233 4977 1313 5032 statu
1326 4973 1516 5036 ecclesiarum
1525 4975 1588 5046 Dei,
1601 4978 1829 5055 casuistempo-

197 5066 292 5140 ribus,
309 5083 373 5141 cua
388 5066 419 5126 lu
434 5065 643 5144 ruinispcsitn
658 5071 752 5140 erant,
768 5068 916 5140 caderent,
931 5068 1084 5127 ecclesiam
1097 5071 1249 5127 beatorum
1264 5071 1462 5144 apostolurum
1477 5072 1578 5132 iacobi
1588 5080 1618 5132 et
1626 5076 1829 5154 Philippique

197 5163 296 5225 nimio.
307 5165 392 5228 senio
403 5169 580 5241 cmsumpta
592 5165 687 5224 ruina
699 5166 831 5240 proxima
845 5171 918 5236 erat,
933 5184 951 5225 a
965 5168 1157 5226 fundamento
1169 5169 1329 5226 renonavb.
1347 5171 1439 5237 Quam
1455 5169 1560 5230 collato
1575 5173 1710 5243 calleant
1723 5179 1831 5247 patena

196 5267 341 5322 exaurata
353 5263 472 5322 nmina
486 5263 597 5322 Grecis
607 5263 781 5340 Latinisque
792 5263 898 5324 litteris
912 5264 1052 5339 inscripto
1069 5267 1231 5326 adornavit.
1247 5269 1282 5324 ut
1297 5267 1418 5342 iusuper
1431 5286 1483 5343 pro
1503 5287 1558 5328 sua
1582 5276 1722 5344 perpetua
1735 5270 1830 5330 saluta

196 5360 369 5424 contulitin
383 5361 485 5422 eodem
494 5361 616 5422 basilica
624 5362 831 5437 Apostolorum
842 5363 985 5425 cortinam
994 5365 1209 5436 lineamunam,
1216 5366 1364 5426 velctbera
1374 5367 1468 5426 serica
1476 5369 1533 5426 tria
1542 5369 1572 5424 iu
1583 5369 1706 5426 circuitu
1717 5368 1828 5428 allans.

131 5459 178 5516 10
197 5457 378 5522 sumbus
390 5459 487 5519 sancti
499 5459 628 5530 Thema,
644 5460 700 5518 sito
714 5460 745 5517 iu
759 5461 938 5520 monaterio
951 5462 1045 5520 sancti
1059 5465 1180 5521 Andree
1194 5465 1327 5538 aposloli,
1342 5467 1428 5539 juxta
1448 5464 1600 5524 basilicam
1623 5466 1829 5540 Apostolorum

197 5555 268 5616 urit
280 5560 393 5615 restem
402 5571 502 5616 uuam.
514 5560 579 5635 lpse
587 5572 657 5620 vero
667 5559 801 5636 egregius
811 5560 1095 5633 etprudcntissimus
1103 5580 1180 5637 papa
1190 5579 1258 5622 cum
1266 5563 1353 5622 sciret
1361 5561 1513 5622 basilicam
1524 5565 1693 5620 muctarem
1704 5567 1831 5641 quatuor

727 5683 855 5732 Mitis!
872 5685 1065 5736 nundinatus
1085 5687 1233 5735 uastaret

154 5759 207 5834 ta>
220 5761 309 5822 m
321 5773 391 5832 ιιι,
405 5763 449 5822 ra
466 5759 509 5834 (u
517 5760 548 5821 rr
556 5761 619 5821 aa.
634 5777 674 5830 n,
690 5764 735 5836 ιι,
751 5765 795 5824 rs.
