4048 6174
189 225 267 301 teat
768 221 1311 310 xnnsrxsnnmarornnmnn
1813 225 1883 292 ron

269 381 335 427 eox.
357 361 398 422 Dt
418 357 531 421 faciem
552 357 661 422 altarb
681 363 714 420 et
734 358 964 422 confessionem
985 375 1058 420 cum
1079 355 1196 436 regulis
1216 333 1343 419 vestivit
1362 362 1506 438 argento,
1529 362 1561 422 st
1589 356 1624 420 in
1653 357 1756 422 tribus
1782 359 1883 424 lateri-

209 479 248 544 l0
269 477 329 540 bus
349 475 458 546 altaris
489 475 593 557 posuit
624 491 731 536 cruces
758 479 1021 554 argenteastrcs,
1045 472 1246 554 pensantia
1278 490 1375 534 unum
1406 471 1479 536 libr.
1503 473 1635 554 triginta
1659 493 1726 538 sex.
1748 475 1883 540 Ganbtra

268 596 420 672 argenteo
440 590 523 665 duo;
546 588 675 651 calicem
697 594 883 668 argenteum
904 586 1145 669 quotidianum
1166 587 1334 650 coronulas
1355 591 1540 668 argenteum
1563 607 1674 665 unum,
1697 589 1754 672 qui
1773 591 1883 674 pendet

267 708 300 772 in
322 706 430 770 abside
451 705 551 788 ipsius
571 703 714 779 oratorii,
737 708 770 765 et
799 721 894 786 super
923 703 1067 766 eamdem
1096 701 1237 766 absidem
1267 720 1377 768 cruces
1404 707 1572 784 argenteos
1603 709 1679 780 tres,
1700 711 1734 768 ct
1763 711 1882 784 catera,

269 839 340 904 qure
360 821 393 884 in
415 824 603 884 ornamento
625 819 777 902 pergulae,
799 835 854 880 sen
876 818 917 879 ad
938 824 1039 881 vestes
1059 815 1168 880 altaris
1188 816 1342 880 ordinata
1364 821 1448 880 suot.

309 954 393 1008 m
415 946 471 1008 llic
492 944 564 1008 fecit
585 943 617 1006 in
639 943 770 1008 ecclesia
791 949 907 1006 sancte
929 943 985 1006 Dei
1007 941 1171 1006 Geuitricis
1193 942 1231 1006 ad
1254 944 1399 1024 Praesepe
1430 960 1487 1024 per
1515 943 1682 1008 circuitum
1712 963 1807 1026 super
1831 965 1882 1008 co-

267 1065 394 1129 lumnas
415 1061 560 1142 regulare
580 1060 809 1122 candelabrum
831 1057 871 1142 (o)
893 1059 935 1121 ad
956 1059 1056 1143 instar
1076 1058 1215 1122 ecclesia
1236 1057 1321 1120 beati
1342 1059 1427 1120 Petri
1448 1060 1595 1140 apostoli.
1610 1060 1698 1124 Fecit
1718 1066 1751 1125 ct
1769 1062 1882 1124 ibidem

266 1181 299 1244 in
320 1178 459 1242 oratorio
480 1183 591 1240 saneto
612 1175 697 1258 qnod
718 1177 863 1257 Praesepo
883 1175 999 1238 dicitur
1019 1175 1191 1256 imaginem
1213 1193 1342 1238 auream
1363 1173 1420 1238 Dei
1447 1174 1622 1251 Genitricis,
1645 1176 1882 1259 amplectentem

267 1297 464 1362 Salvatorem
498 1292 667 1355 Dominum
702 1293 801 1353 Deum
829 1288 984 1364 nostrum,
1007 1308 1079 1353 cum
1100 1290 1234 1372 gemmis
1256 1290 1298 1373 (b)
1318 1290 1458 1368 diversis,
1487 1309 1576 1374 pens.
1608 1291 1882 1376 librasqeinque.

228 1415 324 1478 effic
345 1410 509 1474 renovavit
529 1413 647 1471 tectum
668 1409 768 1470 sancti
798 1393 995 1489 Chrysogoni
1030 1407 1187 1488 martyris,
1210 1412 1242 1469 et
1272 1424 1430 1470 eameram
1462 1407 1528 1470 sivo
1557 1405 1715 1488 parietum
1738 1408 1882 1489 picturas,

268 1527 422 1592 ciborium
436 1501 542 1588 autom
563 1525 602 1587 de
623 1529 756 1604 argento
777 1541 833 1586 seu
853 1540 944 1585 arcus
966 1523 1117 1604 quinque,
1140 1540 1229 1604 pens.
1251 1521 1285 1584 in
1320 1539 1419 1584 unum
1445 1507 1546 1584 'libras
1567 1538 1667 1599 acxx;
1690 1522 1745 1586 ubi
1775 1523 1886 1590 obtulit

267 1662 401 1710 coronas
430 1647 597 1722 argenteas
631 1645 779 1724 quatuor,
815 1639 1072 1722 pharacanthara
1101 1639 1177 1713 duo,
1209 1644 1356 1720 patenam
1401 1643 1584 1718 argenteam
1620 1657 1730 1717 anam,
1761 1641 1886 1703 calicem

267 1766 452 1844 argenteum
474 1775 585 1831 unum,
608 1774 662 1818 seu
684 1755 779 1820 etiam
800 1760 832 1818 et
853 1760 953 1820 vestes
974 1753 1093 1830 altaris,
1117 1773 1242 1818 necnon
1263 1759 1295 1818 et
1315 1753 1386 1816 vela
1407 1753 1508 1816 serica
1528 1753 1611 1829 alba,
1635 1759 1750 1818 oruata
1775 1755 1883 1832 blatto,

267 1878 515 1955 circumquaque
538 1871 720 1954 pendentia.

311 1997 388 2050 m
414 1986 656 2066 construxitque
678 1985 903 2048 monasterium
920 1985 1154 2067 argacumclcm
1176 1985 1302 2051 titulum
1321 1992 1503 2049 sanctorum
1526 1992 1700 2068 martyrum
1722 1986 1884 2068 Stephani,

267 2102 428 2168 Laurentii
449 2106 543 2180 atque
564 2099 773 2180 Chrysogoni,
795 2101 990 2166 constituens
1011 2101 1128 2163 ibidem
1150 2101 1297 2166 abbatem
1314 2107 1345 2163 et
1360 2100 1589 2165 monachorum
1611 2102 1887 2184 congregationem

267 2221 307 2285 ad
331 2214 552 2299 persolvendas
574 2218 638 2278 Deo
659 2215 770 2278 laudes
790 2216 823 2278 in
844 2215 955 2278 codem
990 2215 1082 2278 titulo
1113 2217 1234 2279 diurnis
1264 2223 1359 2297 etque
1381 2217 1546 2281 nocturnis
1573 2217 1782 2298 temporibus,
1802 2219 1887 2280 ordi-

267 2343 373 2400 natum
397 2329 571 2393 secundum
591 2328 692 2390 instar
712 2327 751 2410 (e)
773 2329 950 2394 officiorum
971 2330 1110 2392 ecclcsiae
1131 2330 1215 2394 beati
1234 2331 1320 2394 Petri
1341 2331 1487 2412 apostoli,
1510 2337 1709 2413 segregatum
1745 2332 1889 2396 videlicet

226 2454 285 2520 tc
302 2449 374 2534 jure
396 2445 559 2530 potestatis
580 2444 755 2526 presbyteri
775 2444 919 2525 praedicti
940 2445 1035 2508 tituli.
1058 2446 1094 2508 ln
1117 2464 1180 2526 quo
1203 2445 1392 2510 monasterio
1414 2465 1476 2529 pro,
1506 2449 1735 2512 sustentatione
1771 2447 1887 2510 ibidem

266 2567 349 2634 idom
371 2563 438 2645 ipsc
459 2559 675 2622 sanctissimus
695 2558 744 2620 vir
765 2559 885 2641 prndio
906 2567 937 2621 et
957 2560 1044 2622 done
1066 2565 1161 2641 atque
1193 2561 1344 2623 familiam
1380 2561 1513 2642 largitus
1542 2569 1600 2644 est.
1624 2563 1663 2624 lit
1689 2562 1807 2624 diversi
1833 2563 1888 2624 alii

266 2680 374 2751 adstes
395 2682 427 2740 et
447 2680 606 2740 amatores
625 2674 752 2736 Domini
773 2675 874 2736 nostri
894 2677 969 2738 lesu
991 2674 1108 2738 Christi
1128 2675 1162 2736 in
1182 2675 1293 2738 eodern
1317 2677 1507 2764 monasterio
1522 2684 1705 2742 sanctorum
1719 2677 1886 2759 Stephani,

265 2792 427 2864 Murentii
448 2797 543 2872 atque
564 2789 761 2871 Chrysogoni
782 2789 901 2870 praedia
923 2796 954 2851 et
975 2789 1060 2851 dona
1080 2789 1272 2852 devotissimi
1300 2791 1513 2856 contulerunt.
1538 2792 1640 2856 Simili
1669 2793 1766 2855 etiam
1795 2794 1887 2856 modo

265 2909 428 2983 renovavit
456 2906 681 2970 monesterium
724 2909 905 2968 sanctornm
947 2905 1079 2969 loannis
1111 2905 1329 2985 Evangelistae,
1357 2908 1489 2970 loannis
1521 2907 1684 2989 Baptistae,
1720 2913 1754 2972 et
1788 2909 1889 2972 sancti

207 3030 246 3090 10
267 3023 424 3093 pancratii
458 3041 548 3086 secus
578 3020 741 3084 ecclesiam
776 3019 949 3084 silvatoris
983 3021 1158 3102 antiquitus
1191 3021 1371 3084 institutum
1406 3021 1461 3104 (d),
1484 3023 1569 3104 quod
1600 3023 1641 3086 ob
1662 3023 1751 3086 omni
1778 3023 1888 3086 ordine

265 3140 434 3214 monacbio
455 3138 492 3220 (e)
515 3138 677 3200 exstiterat
698 3136 795 3197 nimia
823 3135 947 3197 incuria
977 3135 1175 3200 destitutum.
1197 3137 1233 3199 ln
1263 3154 1327 3216 quo
1357 3136 1477 3218 pradia
1508 3143 1540 3200 et
1570 3135 1655 3202 dona
1686 3139 1833 3214 contulit,
1856 3145 1888 3201 et

266 3277 337 3339 quae
359 3257 528 3326 invenerat
543 3254 582 3316 de
603 3253 672 3336 ipso
695 3253 886 3315 monasterio
909 3251 1057 3328 alienata,
1081 3251 1203 3314 reddito
1225 3252 1337 3336 pretio,
1361 3251 1392 3315 in
1415 3251 1562 3316 eumdem
1597 3253 1702 3316 locum
1724 3255 1884 3354 restituit;

266 3373 321 3436 uhi
341 3377 374 3441 ot
393 3369 670 3452 congregationem
693 3365 922 3430 monachorum
944 3372 975 3429 et
995 3366 1142 3430 abbatem
1165 3367 1328 3429 constituit
1349 3367 1390 3428 ad
1411 3367 1619 3448 persolvendo
1633 3368 1776 3450 quotidie
1797 3387 1886 3434 sacra

265 3490 371 3553 officis
391 3487 493 3554 landis
524 3485 638 3546 divinoe
658 3484 692 3546 in
713 3483 844 3547 basilica
864 3483 1036 3546 Salvatoris
1069 3483 1196 3546 Domini
1226 3483 1325 3546 nostri
1359 3485 1434 3546 lesu
1460 3483 1681 3566 Christique}
1702 3486 1884 3548 Constanti-

206 3607 244 3669 le
265 3604 362 3666 ariana
396 3606 597 3682 nuncupatur
627 3598 720 3679 juxta
755 3599 928 3674 Lateranis,
960 3598 1081 3664 diurnis
1113 3599 1338 3682 nocturnisque
1375 3599 1570 3684 temporibus
1604 3601 1763 3678 ordinata,
1794 3600 1886 3682 juxta

265 3719 365 3780 instar
386 3716 562 3782 ciliciorum
585 3715 723 3777 ecclesias
745 3715 830 3778 beati
852 3715 935 3777 Petri
958 3713 1106 3796 apostoli.

306 3842 387 3895 m
410 3833 488 3898 ltcm
510 3831 679 3910 imaginem
701 3839 817 3892 sanctes
839 3830 894 3892 Dci
914 3829 1078 3894 Genitricis
1100 3830 1262 3911 antiquam
1284 3831 1514 3912 deargentavit,
1538 3851 1574 3894 ae
1595 3833 1755 3896 investivit
1776 3851 1887 3914 argon·

266 3955 297 4011 to
333 3945 548 4020 mundissimo,
587 3963 675 4026 pons.
707 3945 763 4007 lib.
795 3943 1037 4026 quinquaginta.
1062 3945 1140 4007 Item
1176 3945 1250 4008 fecit
1281 3953 1429 4029 patenam
1464 3965 1594 4010 auream
1631 3966 1781 4030 magnam
1817 3965 1885 4012 cum

265 4064 397 4126 diversis
417 4061 587 4146 lapidibus,
610 4079 698 4144 pens.
721 4060 765 4122 lib
785 4077 881 4132 xxvr;
904 4065 936 4122 et
967 4059 1098 4122 calicem
1118 4061 1263 4124 similiter
1291 4081 1364 4124 cum
1395 4061 1540 4142 gemmis,
1563 4082 1653 4144 pens.
1680 4063 1736 4126 lib.
1760 4063 1888 4143 triginta

265 4186 432 4264 quatuor:
456 4177 600 4242 similiter
620 4183 651 4240 et
673 4175 845 4256 Evangelia
866 4194 963 4238 aurea
992 4195 1064 4239 cum
1086 4177 1230 4258 gemmis,
1253 4195 1342 4258 pens.
1366 4178 1421 4248 lib,
1445 4179 1636 4260 quindecim.
1659 4180 1749 4244 Fecit
1783 4187 1887 4244 autem

224 4301 243 4361 5
265 4303 297 4362 et
318 4304 435 4361 tectum
458 4295 580 4359 noviter
601 4293 695 4356 simul
716 4299 748 4357 et
769 4309 928 4354 cameram
949 4293 1050 4356 sancti
1071 4294 1204 4356 Andreae
1226 4295 1362 4376 apostoli
1383 4295 1425 4358 ad
1445 4302 1590 4361 sanctum
1612 4299 1742 4362 Petrum
1763 4303 1889 4380 aposto·

264 4415 342 4488 lum,
366 4429 462 4494 quam
493 4409 646 4493 depinxit,
670 4414 702 4470 ot
731 4408 805 4471 fecit
834 4409 867 4484 in
898 4408 1010 4472 cadem
1044 4408 1176 4472 basilica
1210 4410 1381 4492 imaginem
1410 4429 1538 4476 auream
1569 4413 1602 4476 in
1638 4413 1774 4500 gemmis
1806 4410 1890 4475 boati

264 4530 397 4592 Androm
419 4526 564 4610 apostoli,
588 4544 677 4609 pons.
699 4524 755 4586 lib.
778 4529 862 4600 octo,
884 4531 915 4586 et
936 4525 1021 4586 intra
1048 4526 1276 4589 confessionem
1297 4526 1424 4592 vestivit
1444 4533 1588 4608 argento,
1612 4529 1697 4608 quod
1725 4527 1892 4594 deauravit

265 4663 342 4707 auro
365 4644 544 4726 purissimo.
568 4643 624 4704 llio
646 4641 740 4704 etiarn
764 4639 925 4702 basilicam
947 4641 1049 4704 sancti
1069 4641 1183 4704 calixti
1216 4642 1374 4723 pontilicis
1394 4648 1427 4706 et
1447 4643 1607 4725 martyris,
1631 4661 1713 4726 pene
1733 4663 1755 4706 a
1774 4643 1893 4705 fonda-

266 4760 380 4822 mentis
400 4759 550 4832 dirutam,
574 4758 663 4820 novis
684 4756 811 4820 fabricis
832 4774 905 4818 cum
940 4761 1022 4818 tecto
1057 4758 1234 4820 construxit
1265 4775 1303 4819 ac
1338 4763 1439 4820 totam
1474 4757 1630 4840 depinxit.
1661 4759 1724 4823 Ubi
1758 4756 1896 4822 contulit

135 4909 143 4920 ·
207 4873 246 4934 10
266 4879 414 4954 patenam
437 4876 619 4952 argenteam
641 4873 735 4936 simul
757 4878 789 4934 et
809 4871 938 4934 calicem
960 4877 992 4933 et
1012 4877 1131 4936 vestem
1154 4872 1274 4934 altaris.

308 5005 392 5058 m
413 4999 490 5060 ltom
515 5003 630 5060 tectum
661 4999 799 5061 basiliam
829 5003 1011 5059 sanctorum
1045 4997 1188 5060 Processi
1208 5003 1240 5059 et
1261 4996 1444 5060 Martiniani
1465 5016 1485 5059 a
1506 5017 1589 5072 novo
1618 4999 1796 5060 construxit
1815 4997 1896 5059 sub·

267 5111 370 5196 posita
390 5111 457 5192 pile
477 5111 603 5174 fabricis
624 5112 816 5187 fortissimis,
838 5117 910 5194 post
930 5111 1114 5177 eorumdem
1135 5118 1316 5175 sanctorum
1338 5113 1519 5176 venerande
1547 5131 1693 5195 corpora,
1716 5114 1758 5176 ad
1783 5113 1897 5176 firma-

266 5234 409 5292 mentum
445 5243 608 5287 murorum
643 5227 783 5290 basilicae
812 5233 941 5292 sanctae.
973 5229 1052 5290 Item
1083 5229 1115 5290 in
1146 5227 1278 5292 ecclesia
1308 5229 1393 5292 beati
1433 5229 1557 5294 Genesii
1590 5229 1740 5312 martyris
1774 5233 1895 5294 tectum

267 5344 390 5408 noviter
413 5341 610 5419 restauravit,
633 5343 741 5406 abiet
762 5343 861 5406 altare
881 5344 982 5407 erexit
1001 5343 1034 5408 ia
1056 5342 1185 5406 nominc
1207 5345 1380 5408 Salvatoris
1400 5345 1526 5408 Domini
1546 5345 1647 5408 nostri
1666 5346 1741 5409 lesu
1762 5343 1891 5416 Christi,

781 5574 907 5622 borota:
927 5575 1122 5624 urbinates
1143 5574 1300 5624 restores.

169 5777 193 5796 ⁴·
222 5767 263 5843 (o)
277 5765 311 5839 D,
328 5765 565 5828 candcieborum.
591 5765 631 5842 (b)
644 5767 777 5826 ornatam
792 5764 928 5844 gemmis.
959 5763 994 5842 (c)
1008 5765 1041 5837 D,
1052 5765 1089 5826 nd
1104 5765 1208 5826 insten
1237 5762 1276 5844 (d)
1289 5754 1500 5858 constructum.
1530 5768 1567 5845 (c)
1577 5764 1748 5836 monastico.
