4040 6170
168 211 247 278 isra
516 185 896 279 s1sron1aonur1s
919 215 1013 279 non.
1035 214 1151 278 nour.
1166 249 1206 260 -
1219 214 1453 280 smannens
1475 212 1529 279 111.
1791 217 1870 282 arao

163 343 267 414 Paulo,
282 364 422 422 germano
442 349 517 431 ejus.
533 352 715 406 exstructum
740 347 846 405 dicitur
862 365 868 404 :
885 352 991 404 exstat-
1006 351 1033 418 A
1048 348 1161 414 cienda,
1177 363 1245 404 oum
1260 347 1289 402 in
1306 347 1506 405 describendis
1521 345 1667 406 chronicis
1682 348 1769 419 notis,
1785 349 1871 409 libra·

187 435 223 476 ue
233 420 264 476 id
274 420 484 494 areopagiticis
494 418 625 476 Hilduini
641 421 719 494 apud
735 419 855 476 Surium
866 424 945 476 tomo
955 419 989 474 V.
1048 419 1083 474 rii
1100 436 1175 492 sape
1200 419 1315 492 saepius,
1333 424 1366 475 ut
1381 423 1496 476 constat
1519 420 1596 492 apud
1611 420 1752 493 eruditos,
1767 438 1869 494 pecea-

162 436 193 567 3.
209 492 341 548 Tandem
365 491 435 564 quia
458 491 594 564 pleraque
617 496 714 548 vetera
736 491 905 564 diplomata,
927 508 991 562 quas
1044 489 1147 548 verint.

164 562 245 636 apud
257 579 359 619 amnes
373 562 517 619 constanti
532 563 589 620 lide
604 562 794 637 recipiuntur,
811 567 909 619 essent
923 561 990 634 reji-

200 670 267 741 (Ηο
281 669 311 726 ia
325 669 445 727 editione
457 671 720 728 Romuaelotiracc
732 670 947 729 arsennaria
960 669 1123 742 variorum.)

776 1011 912 1084 XCVl.
940 1010 1235 1084 STlll‘lthUS
1263 1013 1326 1082 lll.

615 1205 697 1254 anuo
718 1205 836 1254 causer
856 1187 928 1263 768,
950 1203 1153 1271 anseranum
1174 1203 1341 1252 cornonnu
1361 1191 1413 1252 18.

207 1599 211 1608 .
269 1545 346 1604 202
362 1545 528 1618 Stephanus
542 1544 657 1615 tertius,
674 1545 792 1603 natione
806 1544 932 1612 Siculus,
946 1561 981 1602 ex
995 1548 1077 1617 patre
1091 1544 1181 1613 Olivo,
1193 1545 1269 1602 sedit
1285 1562 1377 1602 annos
1388 1549 1460 1613 tres,
1475 1563 1591 1603 menses
1607 1546 1813 1621 quinque,dies
1825 1547 1867 1610 vi.

232 1632 306 1708 giuti
320 1633 448 1691 ooteVir
463 1637 602 1692 strenuus
616 1638 645 1691 et
660 1633 766 1690 divinis
781 1633 940 1707 Scripturis
955 1633 1190 1706 eruditus,atque
1203 1632 1409 1690 ecclesiasticis
1425 1634 1633 1692 traditionibus
1651 1634 1824 1705 imbutus,et
1834 1635 1865 1692 in

232 1740 333 1780 aarum
348 1723 599 1780 obsecrationibus
615 1723 874 1780 constantissimus
889 1726 1096 1796 perseveratur.
1109 1721 1160 1777 Hic
1175 1722 1274 1777 duma
1290 1721 1433 1780 Siciliensi
1451 1722 1548 1778 insula
1561 1723 1592 1779 in
1609 1723 1684 1779 banc
1699 1723 1866 1780 advenisset

232 1811 394 1868 Romanam
406 1813 519 1881 urbem,
534 1812 656 1868 tradidit
665 1829 732 1868 oum
748 1811 875 1867 domnos
890 1811 1057 1884 Gregorius,
1072 1815 1179 1867 sunctae
1192 1811 1402 1868 recordationis
1417 1812 1521 1868 tertius
1537 1829 1623 1885 papa,
1640 1811 1670 1867 in
1686 1813 1864 1869 monasterio

192 1901 213 1956 5
231 1901 323 1957 sancti
335 1900 603 1975 chrysogoniquod
620 1904 689 1957 tunc
704 1900 817 1956 noviter
830 1901 997 1967 fundabat:
1013 1898 1131 1973 illioque
1146 1899 1271 1957 clericus
1287 1903 1374 1974 atque
1389 1901 1551 1958 monachus
1567 1906 1610 1957 est
1625 1901 1754 1956 all'eotus.
1772 1903 1863 1968 Quam

230 1989 419 2061 postmodum
434 1989 562 2046 domnus
575 1989 728 2046 Zacharias
742 2005 816 2061 papa
828 2005 862 2044 ex
877 1988 940 2061 ipso
953 1988 1111 2044 abstollens
1120 1989 1385 2057 (cimonustcrioin
1395 1989 1599 2046 Lateraneusis
1611 1988 1779 2062 patriarchii
1786 1989 1864 2047 cubi·

229 2073 374 2134 calcasse
389 2078 535 2151 precepit.
551 2078 684 2150 itumque
699 2078 887 2151 postmodum
904 2077 1105 2150 presbyterum
1125 2077 1155 2132 in
1181 2076 1267 2133 titulo
1292 2083 1399 2134 sancta
1423 2077 1550 2134 ecclesie
1566 2079 1755 2134 consecravit.
1771 2080 1863 2146 Quem

228 2169 327 2222 tamen
342 2183 395 2238 pro
409 2167 474 2239 ejus
490 2166 634 2224 castitatis
649 2165 834 2224 modestiam
847 2183 900 2222 suo
916 2163 1012 2222 oifioio
1028 2165 1231 2222 lateranensis
1247 2166 1382 2223 detinuit.
1400 2167 1456 2223 Sed
1472 2170 1500 2223 et
1514 2164 1630 2238 reliqui,
1648 2165 1759 2224 scilicet
1778 2167 1862 2224 dom-

228 2271 287 2312 nus
300 2254 467 2328 Stephanus
481 2258 509 2312 et
525 2255 630 2312 Paulus
641 2254 803 2312 beatissimi
815 2254 979 2328 pontifices,
994 2254 1131 2310 eumdem
1148 2253 1369 2311 sanctissimum
1384 2253 1567 2327 Stephanum
1583 2269 1635 2328 pro
1650 2255 1714 2326 ejus
1729 2254 1786 2328 piis
1797 2272 1862 2312 con.

174 2343 212 2400 10
228 2342 486 2400 versationibusiu
502 2361 556 2402 suo
571 2345 687 2402 servitio
702 2343 839 2400 similiter
853 2343 1053 2400 detinuerunt.
1757 2394 1761 2405 ,

265 2432 341 2490 202
357 2432 431 2488 Dum
447 2449 513 2489 vero
529 2435 725 2506 predecessor
738 2435 802 2505 ejus
818 2434 944 2489 domnus
960 2432 1068 2488 Paulus
1083 2449 1159 2505 papa
1175 2450 1226 2504 pro
1242 2432 1415 2488 auctoritate
1431 2431 1550 2488 fervoris
1566 2431 1665 2489 estivo
1686 2435 1817 2506 tempore
1831 2431 1861 2491 in

228 2519 351 2577 ecclesia
365 2521 442 2578 beati
459 2521 539 2578 Pauli
563 2523 775 2590 demoraretur,
792 2529 821 2578 et
845 2521 941 2578 valida
965 2522 1074 2578 ibidem
1098 2521 1271 2595 aegritudine
1293 2525 1554 2594 praeoccuparetur,
1581 2521 1616 2576 de
1638 2537 1697 2594 qua
1721 2525 1750 2577 et
1771 2521 1861 2579 vitam

228 2609 332 2677 finivit,
346 2608 392 2666 die
407 2616 554 2685 noctuque
569 2611 663 2668 isdem
678 2611 870 2668 beatissimus
886 2611 1052 2683 Stephanus
1070 2609 1099 2664 in
1115 2610 1247 2682 ejusdem
1272 2609 1318 2665 sui
1343 2607 1565 2682 predecessoris
1590 2608 1737 2684 pontilicis
1760 2627 1860 2682 porse·

226 2714 330 2755 verane
346 2699 556 2768 servitio,uullo
573 2701 659 2758 ruodo
675 2701 711 2757 ah
727 2702 790 2772 ojus
805 2699 1018 2768 lectulo,donec
1033 2698 1168 2770 spiritum
1184 2699 1339 2764 emitteret,
1348 2697 1519 2754 necessitati
1535 2715 1600 2754 vero
1617 2695 1724 2753 Paulus
1739 2715 1816 2771 papa
1829 2699 1859 2755 in

190 2787 210 2842 5
227 2787 400 2861 egritudine
415 2790 529 2861 positus
544 2807 612 2846 oum
628 2789 759 2846 nondum
773 2790 871 2845 adhuc
887 2788 1023 2860 spiritum
1040 2787 1196 2854 exhalaret,
1213 2787 1291 2843 illico
1307 2787 1379 2843 Toto
1395 2787 1515 2858 quidam
1531 2787 1752 2859 dux,Nepesinae
1763 2786 1861 2844 civita·

226 2876 264 2932 tis
280 2877 392 2934 dudum
408 2877 637 2949 habitator,cum
653 2879 715 2935 suis
730 2879 879 2952 germanis
894 2876 1215 2946 Constantino,Passino
1226 2881 1254 2932 et
1269 2874 1418 2941 Pascbule,
1426 2879 1617 2948 aggregantes
1631 2880 1693 2931 tam
1709 2891 1742 2931 ex
1757 2875 1858 2932 eadem

225 2964 370 3039 Nepesina
384 2983 530 3041 quamque
546 2984 580 3024 ex
595 2967 661 3025 eliis
677 2968 789 3025 Tuscia
804 2967 972 3024 civitatibus
987 2965 1205 3022 multitudinem
1221 2964 1364 3021 exercitus
1389 2965 1476 3036 atque
1500 2967 1645 3020 catervam
1669 2962 1857 3032 rusticorum,

225 3053 481 3128 ingredientesque
496 3073 548 3129 per
562 3061 676 3130 portam
693 3056 770 3113 beati
785 3055 931 3114 Pancratii
947 3055 977 3110 iu
993 3055 1069 3112 hauc
1083 3055 1245 3110 Romanam
1261 3053 1373 3122 urbem,
1389 3057 1476 3125 utque
1490 3050 1521 3108 in
1535 3053 1623 3109 domo
1646 3050 1785 3108 antedicti
1800 3053 1856 3108 To·

223 3143 302 3200 tonis
314 3145 419 3202 armati
435 3145 617 3215 assistentes,
635 3145 786 3220 elegerunt
800 3145 909 3202 ibidem
930 3145 1027 3201 subito
1051 3143 1275 3200 Constantinum
1299 3143 1419 3200 tratrem
1444 3143 1578 3214 ejusdem
1603 3141 1724 3198 'latonia
1748 3141 1856 3198 laicum

171 3233 208 3288 10
226 3231 501 3307 existentem,quem
515 3251 582 3292 cum
597 3227 687 3292 armis
703 3234 821 3308 plurimi
837 3250 939 3290 eorum
954 3233 1051 3290 loricis
1066 3231 1161 3288 induti
1174 3230 1381 3288 latrocinantes
1395 3230 1425 3286 in
1438 3231 1632 3286 Laterancnse
1644 3229 1856 3304 patriarchium

225 3319 458 3379 introduxerunt.

260 3409 338 3467 2οι1
350 3411 385 3466 ut
395 3411 586 3468 ascendentes
601 3428 668 3467 cum
683 3428 715 3467 eo
731 3411 761 3466 in
775 3410 978 3480 vicedominio,
995 3409 1133 3466 continuo
1149 3408 1287 3465 accersito
1304 3407 1425 3482 Georgia
1440 3407 1478 3481 (d)
1494 3406 1639 3482 episcopo,
1652 3406 1857 3480 compulerunt

225 3511 293 3552 eum
308 3500 341 3552 ut
354 3497 515 3555 orationem
531 3499 686 3556 clericatus
701 3499 796 3556 eidem
810 3499 1000 3555 Constantino
1015 3497 1235 3570 tribueretlpso
1250 3514 1316 3553 vero
1331 3498 1450 3553 omnino
1466 3497 1521 3552 hoo
1536 3497 1676 3553 renuebat
1683 3496 1857 3564 lacerator-

226 3587 412 3659 ruensquoin
430 3592 535 3644 terram
552 3589 708 3660 prostravit
723 3605 754 3646 se
768 3588 892 3662 pedibus
908 3587 1001 3661 ipsius
1017 3586 1210 3659 Constantini,
1220 3586 1361 3657 adjurans
1376 3601 1444 3642 eum
1458 3586 1570 3641 fortiter
1584 3602 1635 3658 per
1649 3585 1750 3641 omnia
1760 3585 1857 3642 divina

223 3675 363 3748 mysteria
375 3680 407 3734 ut
417 3675 515 3734 locum
531 3679 622 3745 duret,
638 3681 665 3734 et
681 3677 717 3734 ab
733 3678 865 3750 ejusdem
881 3677 978 3754 impiae
993 3676 1230 3750 presumptionis
1246 3673 1394 3750 proposito
1410 3676 1566 3741 recederet,
1583 3691 1619 3730 ne
1638 3692 1690 3749 per
1706 3689 1773 3730 cum
1788 3672 1856 3730 talis

183 3762 203 3819 5
220 3763 353 3821 inaudita
377 3767 488 3822 novitas
512 3767 542 3823 in
566 3766 695 3824 Ecclesia
719 3768 770 3824 Ilei
790 3769 880 3825 fieret.
898 3769 933 3823 ut
958 3768 1029 3824 dum
1052 3764 1223 3836 hujusmodi
1236 3765 1429 3837 adjurationis
1444 3765 1587 3838 proferret
1601 3764 1698 3830 verba,
1716 3761 1853 3820 concitati

219 3851 338 3925 plurimi
354 3871 389 3910 ex
402 3853 476 3928 ipsis
490 3855 627 3929 malignis
643 3855 692 3928 qni
708 3857 842 3911 eamdem
856 3853 979 3928 impiam
998 3855 1168 3910 electionem
1194 3855 1330 3920 lacerant,
1347 3854 1533 3927 insurgentes
1559 3869 1648 3926 super
1670 3869 1750 3918 euru,
1768 3857 1855 3924 atqua

221 3939 333 3997 fortiter
347 3943 562 4000 comminantes
576 3943 612 4012 ei,
630 3943 734 3999 timore
748 3949 899 4016 correptus
915 3943 1075 4000 orationem
1091 3943 1133 3997 illi
1149 3941 1304 3998 clericatus
1323 3941 1437 4009 tribuit,
1453 3947 1483 3998 et
1509 3941 1549 3997 ita
1573 3941 1698 3997 alericus
1721 3939 1853 4008 allectus,

220 4029 357 4087 eumdem
373 4029 595 4089 sanctissimum
611 4033 806 4090 Lateranensa
819 4032 927 4089 invasit
941 4031 1160 4106 patriarchium.
1175 4031 1238 4088 Alio
1262 4047 1330 4086 vero
1352 4030 1398 4087 dia
1413 4030 1611 4096 illucescente,
1627 4028 1757 4086 secunda
1771 4025 1852 4094 laria,

219 4117 418 4176 subdiaconus
433 4123 521 4193 utque
535 4119 677 4178 diaconus
692 4122 729 4179 ab
743 4122 845 4178 eodem
859 4122 994 4195 episcopo
1011 4121 1040 4176 in
1057 4121 1183 4177 oratorio
1199 4105 1300 4177 saneti
1309 4119 1456 4176 Laurentii
1475 4119 1554 4175 intra
1575 4119 1713 4176 eumdem
1727 4115 1851 4190 patriar·

164 4203 200 4258 10
217 4203 328 4274 chium,
345 4211 447 4263 contra
461 4213 630 4266 sanctorum
645 4226 792 4268 munuum
806 4210 953 4279 instit-uta,
969 4213 1158 4266 consecratus
1174 4213 1228 4265 est.
1603 4200 1606 4206 ’

255 4292 330 4352 200
347 4294 453 4369 Sicque
469 4297 638 4355 universum
653 4299 795 4372 populum
811 4300 867 4356 sibi
892 4303 1110 4356 sacramentum
1134 4299 1262 4370 prebere
1287 4296 1366 4363 iecit,
1383 4301 1412 4352 et
1436 4295 1605 4354 adveniente
1629 4295 1781 4353 Dominico
1805 4293 1852 4350 die

219 4399 338 4440 rursum
353 4401 421 4442 oum
438 4385 628 4444 multitudine
642 4393 821 4445 armatorum
837 4387 1015 4446 exercituum
1031 4387 1061 4443 in
1077 4385 1198 4444 basilica
1213 4384 1291 4442 beati
1304 4385 1380 4442 Petri
1396 4402 1556 4460 properans
1570 4383 1850 4458 pontifexabeodem

219 4467 341 4544 Georgio
356 4471 492 4544 episcopo
507 4473 682 4531 Praenestino
698 4481 726 4532 et
738 4477 803 4534 aliis
819 4477 935 4533 duobus
951 4473 1256 4548 episcopis,ilustratio
1267 4473 1431 4529 Albanense
1448 4477 1475 4528 ot
1490 4471 1621 4528 Gitonato
1636 4471 1669 4544 (c)
1681 4469 1849 4540 Portuense,

218 4564 407 4617 consecratus
422 4567 477 4632 est,
492 4566 521 4617 et
532 4563 663 4635 paranni
679 4565 808 4638 spatium
824 4569 852 4622 et
868 4581 999 4621 mensem
1015 4580 1108 4619 unum
1119 4563 1218 4618 sedem
1235 4562 1425 4635 apostolicam
1441 4561 1571 4618 invasam
1586 4560 1711 4617 detinuit
1726 4559 1774 4634 (d).
1792 4559 1850 4617 Hoc

180 4644 200 4701 5
217 4661 284 4702 vero
299 4663 421 4704 cerneus
436 4649 671 4724 christophorus,
687 4653 872 4728 primicerius
887 4657 915 4709 et
931 4651 1127 4720 consiliarius,
1138 4649 1199 4706 zelo
1215 4649 1283 4705 fidei
1298 4667 1357 4705 uua
1372 4667 1440 4706 cum
1456 4667 1509 4706 suo
1523 4650 1582 4706 tilio
1598 4649 1708 4722 Sergio,
1719 4652 1792 4705 tunc
1807 4665 1851 4704 sa·

218 4731 334 4791 cellario
346 4735 669 4807 existente,maluerunt
684 4743 779 4816 magis
795 4740 867 4797 mori
884 4757 973 4812 quam
990 4739 1076 4796 talem
1092 4739 1212 4811 impiam
1230 4738 1387 4794 novitatem
1403 4742 1431 4795 et
1445 4738 1576 4810 iniquam
1591 4737 1849 4812 presumptionem

217 4820 247 4878 in
262 4824 362 4880 sedem
378 4826 569 4898 apostolicam
584 4835 780 4902 perpetratam
797 4831 974 4902 conspicere,
990 4833 1019 4884 et
1033 4828 1164 4901 quotidie
1179 4827 1208 4883 in
1224 4827 1292 4882 lletu
1312 4832 1341 4884 et
1355 4827 1492 4901 lacrymis
1507 4829 1711 4902 perdurantes,
1727 4825 1849 4883 simula·

216 4916 321 4967 verunt
334 4929 366 4970 se
381 4915 541 4972 monachos
555 4917 630 4984 ilari,
647 4935 768 4991 seseque
783 4918 894 4979 absolvi
906 4918 943 4974 ab
959 4919 1060 4974 eodem
1072 4917 1264 4973 Constantino
1280 4917 1436 4989 petierunt,
1452 4916 1482 4972 in
1497 4917 1675 4974 monasterio
1690 4915 1849 4974 Salvatoris

217 4997 333 5056 Domini
349 5003 441 5060 nostri
455 5004 525 5061 Jesu
542 5004 648 5062 Christi
664 5007 819 5080 proficisci,
837 5011 1001 5064 asserentes
1016 5005 1076 5062 illic
1091 5005 1296 5062 monachicum
1311 5005 1371 5062 lore
1395 5011 1584 5079 suscepturos
1607 5004 1741 5063 habitum
1759 5021 1765 5060 :
1783 5021 1847 5060 sus·

163 5083 199 5142 10
216 5091 358 5162 ceptoque
372 5090 525 5150 abeodem
540 5092 749 5167 christophoro
764 5095 933 5152 Primioerio
950 5099 1144 5161 sacramento,
1160 5094 1201 5148 ita
1214 5091 1273 5149 iliis
1289 5095 1410 5151 credens
1425 5111 1474 5151 eos
1490 5093 1613 5152 absolvit
1628 5094 1673 5168 (e).

252 5177 329 5236 200
344 5179 457 5246 Quibus
469 5183 696 5254 properantibus
709 5189 799 5258 atque
813 5183 843 5240 in
858 5183 932 5241 ssnes
945 5184 1202 5256 nongobardorum
1219 5183 1477 5257 conjungentibus,
1485 5183 1724 5258 velletqueabbas
1726 5183 1788 5254 jam
1795 5181 1845 5236 lati

216 5267 385 5326 monasterii
400 5285 449 5326 eos
464 5268 495 5326 in
509 5272 610 5328 eodem
627 5274 803 5330 monasterio
818 5272 1200 5342 adduci,deolinaveruntab
1216 5271 1418 5329 itinereisdem
1429 5272 1655 5345 christophorus
1661 5267 1845 5345 primicerius

214 5356 322 5428 atejus
337 5356 417 5415 filius
432 5360 552 5434 Sergius
562 5361 675 5420 dudum
688 5362 807 5436 quidem
822 5360 1196 5436 sacellarius,postmodum
1212 5355 1844 5435 secundicerius,adjuranteslirmitchhao·

734 5531 857 5578 NOTULE
877 5531 1068 5578 annulantes
1091 5530 1248 5576 FABRGTTI.

141 5663 425 5809 miallhpgffiggns.
443 5669 475 5738 B,
491 5689 544 5729 suo
561 5675 726 5748 preferens.
764 5677 803 5746 (t)
819 5677 851 5746 B,
868 5675 1014 5750 Gregorio.
1053 5675 1089 5750 (a)
1104 5677 1115 5700 ⁴
1130 5674 1282 5732 Citomalo.
1321 5673 1358 5750 (d)
1374 5669 1626 5732 Barcaanuffdd.
1666 5669 1702 5742 (a)
1717 5664 1842 5726 absolvit
