4052 6164
170 189 245 254 4305
565 189 747 252 HISTORIA
767 191 819 253 bu
839 191 941 256 VITIS
964 190 1060 255 aoM.
1081 191 1248 255 PON'R·
1260 193 1294 255 S.
1316 192 1392 255 LEO
1412 190 1464 254 tv.
1787 191 1866 261 4306

236 319 1866 397 test(aisicnaquehujusrumorsanctissimiviridiuoccultusexisterepotuit.i·'amaiilius,aivesanctitatisopi·

184 421 220 478 45
238 417 296 484 nio,
312 417 369 474 huo
385 416 454 474 illuc
469 421 532 474 tuce
543 419 804 493 elariusdivulgata
815 425 869 490 est,
882 425 970 494 atque
981 420 1140 478 multorum
1152 419 1290 477 relatione
1303 420 1433 478 fidelium
1446 421 1481 477 ad
1494 438 1580 478 aures
1589 421 1765 494 pontificalis
1776 437 1866 494 quon·

236 517 304 572 dam
316 514 477 572 beatissimi
487 515 581 574 Patris
592 521 620 572 ct
630 534 710 591 pape
720 518 850 591 Gregorii
862 536 928 574 mox
941 518 1045 575 festino
1057 518 1149 574 relatu
1161 517 1296 586 occurrit,
1313 518 1360 572 cui
1375 534 1443 574 cum
1453 523 1540 574 tanta
1552 517 1656 576 fuisset
1666 518 1810 575 castitatis
1821 518 1864 574 di·

237 629 360 686 gnaaqua
370 614 599 671 conversationis
613 614 815 687 magisterium
826 621 1004 684 enarratum,
1016 615 1093 673 illico
1103 633 1170 673 curn
1182 633 1216 672 ax
1228 614 1402 672 manasterio
1414 633 1471 689 quo
1482 615 1528 688 pie
1539 617 1661 689 degebat
1671 615 1747 673 exire
1755 615 1865 687 jubens

238 712 274 768 ad
290 715 397 768 sauctae
408 712 510 770 matris
520 711 655 769 Ecclesiae
666 713 811 786 gremium
825 715 968 788 perduxit,
981 717 1067 787 atque
1078 720 1111 771 ut
1122 715 1151 770 in
1163 731 1216 771 suo
1229 729 1345 786 semper
1360 713 1476 770 servitio
1489 713 1661 798 familariter
1671 716 1865 787 permaneret,

236 809 267 865 in
283 810 471 866 Lateranensi
486 809 663 883 patriarchio
679 827 742 868 esse
758 811 904 885 precepit.

272 907 587 966 AOhSuhdiaconum
610 925 726 982 quoquo
749 910 785 965 ub
806 927 865 966 suas
890 910 999 966 famam
1024 908 1087 964 vita
1116 908 1273 966 laudabilis
1297 909 1373 965 fecit.
1400 908 1453 975 Oui
1476 912 1586 964 tamem
1611 907 1744 982 quamvis
1769 907 1866 964 locum

240 1009 377 1074 mutaret,
388 1004 434 1061 aot
444 1007 587 1075 ordinem,
603 1009 702 1063 tamen
712 1006 802 1063 vitam
814 1023 967 1080 moresque
978 1023 1046 1062 suos
1058 1005 1125 1079 pius
1136 1024 1225 1080 quam
1237 1007 1318 1080 prius
1328 1006 1359 1061 in
1370 1006 1479 1062 summi
1493 1005 1636 1062 Creatoris
1647 1005 1739 1062 nostri
1751 1005 1866 1062 servitio

193 1149 201 1154 .
239 1102 413 1176 regulariter
425 1103 755 1177 constrinxit,bonisqua
766 1103 971 1176 multiplicavit
981 1105 1270 1178 operibus.Defuncto
1279 1108 1377 1161 autem
1385 1104 1475 1176 hujus
1485 1103 1691 1160 sacratissimas
1703 1103 1781 1160 sedis
1792 1119 1868 1176 papa

236 1199 464 1274 Gregoriu,tunc
475 1202 594 1276 Sergios
605 1201 838 1276 archipresbyter
847 1205 954 1259 sancte
966 1203 1102 1260 Romane
1111 1202 1243 1260 Ecclesia
1255 1203 1362 1276 presul
1373 1202 1505 1268 effectus,
1516 1201 1605 1271 hunc,
1617 1202 1653 1258 de
1663 1218 1721 1274 quo
1732 1200 1868 1274 superius

198 1298 218 1354 ὅ
237 1296 378 1355 nonnulla
393 1298 559 1367 retulimus,
577 1301 702 1356 Leonem
716 1298 851 1356 videlicet
870 1299 1073 1356 beatissimum
1090 1317 1206 1374 papam,
1224 1300 1426 1374 presbyterum
1442 1299 1632 1366 consecravit,
1648 1297 1732 1372 eique
1748 1297 1867 1372 titulum

173 1435 177 1440 ·
235 1399 408 1454 sanctorum
423 1397 900 1472 quatuorCoronatorumlargitus
911 1401 964 1454 est.
977 1401 1009 1454 ln
1023 1409 1079 1472 quo
1095 1399 1165 1454 dum
1181 1397 1266 1454 honis
1281 1398 1403 1471 polleret
1415 1396 1659 1469 moribua,ibiquc
1667 1395 1868 1470 indigentibus

237 1495 402 1551 necessaria
417 1494 605 1564 ministraret,
623 1495 791 1568 peregrinos
802 1512 1001 1569 ,acpaupores
1013 1495 1170 1569 minusque
1185 1495 1325 1554 hahentes
1340 1514 1398 1554 non
1414 1496 1510 1553 solum
1525 1496 1622 1565 verbo,
1634 1494 1693 1552 imo
1705 1493 1793 1550 ctiam
1804 1510 1867 1554 cor·

228 1573 388 1664 'paratibus
403 1591 550 1650 alimoniis
565 1593 715 1664 refoveret,
732 1592 756 1648 is
772 1593 822 1666 qui
844 1597 914 1649 tunc
938 1597 1059 1668 preerat
1073 1593 1194 1666 Sergius
1209 1593 1346 1652 Romane
1362 1593 1440 1652 sedis
1464 1593 1586 1650 antistes
1602 1609 1637 1649 ex
1650 1591 1788 1666 presenti
1804 1593 1864 1648 vita

236 1689 406 1748 subtractus
419 1695 475 1761 est,
491 1691 546 1768 suh
559 1692 645 1763 cujus
655 1690 742 1748 etiam
757 1695 888 1764 tempore
901 1692 1027 1750 ecclesie
1042 1691 1280 1749 beatissimorum
1292 1691 1457 1768 principum
1473 1690 1549 1748 Patri
1559 1695 1587 1748 et
1597 1689 1866 1749 PauliaSaracenis

179 1785 219 1843 40
231 1787 373 1845 'funditus
388 1789 558 1863 depraedatae
574 1793 654 1846 sunt.

273 1887 350 1945 m
370 1887 443 1954 Ouia
455 1887 545 1962 igitur
560 1886 725 1944 calamitate
739 1888 798 1944 sive
813 1889 932 1946 miseria
947 1889 1043 1946 omnis
1059 1887 1496 1962 Romanorumvigorelanguit,
1508 1893 1595 1961 atqua
1605 1875 1748 1945 contritus
1758 1884 1867 1944 eathoo

238 1984 325 2054 facto,
341 1984 479 2042 universa
492 1985 592 2042 concio
609 1986 807 2044 Romanorum
823 2004 856 2043 ex
871 1988 986 2044 duobus
998 1989 1115 2046 casibus
1129 1986 1331 2060 velporioulis,
1342 1986 1476 2044 videlicet
1491 1987 1526 2042 de
1536 1985 1869 2060 repentinamortepon-
1949 2043 1952 2048 ,

238 2082 336 2152 tiliois,
356 2088 385 2140 st
401 2083 597 2160 devastatione
612 2101 676 2157 quae
693 2084 769 2141 facta
784 2085 878 2142 fuerat
892 2085 922 2141 in
937 2087 1067 2144 ecclesiis
1082 2086 1202 2156 sanctis,
1216 2065 1447 2158 cunctorumque
1462 2085 1571 2144 finibus
1587 2085 1785 2142 Romanorum
1801 2083 1868 2143 fata·

238 2179 326 2262 batur
340 2197 371 2238 ss
386 2181 554 2238 nullatenus
571 2183 690 2239 evadere
702 2182 805 2238 mortis
820 2182 983 2256 periculum
1006 2202 1101 2259 posse.
1126 2185 1258 2258 Cumque
1277 2185 1340 2258 pari
1355 2182 1506 2241 devotione
1523 2182 1731 2254 communique
1745 2178 1868 2248 consilio

199 2279 220 2335 5
239 2277 366 2335 universi
379 2279 502 2336 Romani
514 2295 649 2352 proceres
665 2280 700 2336 de
716 2281 813 2337 futuro
824 2280 985 2358 cogitarent
995 2281 1143 2354 pontifice,
1156 2282 1345 2354 utquisesset
1356 2281 1473 2353 quitum
1484 2285 1620 2360 sapatum
1631 2281 1659 2335 et
1671 2276 1869 2335 inviolabilem

239 2376 336 2434 iocum
352 2394 418 2434 cum
435 2377 643 2451 omnipotentis
653 2377 703 2434 Dei
719 2377 823 2434 timore
837 2394 936 2452 regere
950 2379 996 2436 vel
1016 2380 1179 2453 gubernare
1193 2379 1348 2453 potuisset,
1366 2377 1521 2436 confestim
1529 2378 1609 2438 farua
1622 2375 1784 2437 beatissimi
1794 2392 1870 2448 pre-

240 2475 324 2542 sulis,
340 2475 429 2532 simul
445 2480 474 2532 et
488 2475 638 2544 meritum,
655 2475 690 2531 ab
707 2475 844 2533 omnibus
859 2477 1004 2550 patefacta
1020 2482 1073 2546 est,
1089 2480 1240 2552 totamque
1255 2495 1307 2552 per
1323 2477 1559 2534 urbemdiffusa:
1575 2476 1684 2532 nedum
1695 2473 1774 2532 enim
1785 2471 1869 2546 isqui

240 2573 351 2631 obierat
365 2573 493 2646 pontifex
507 2575 543 2630 ad
560 2572 742 2646 sepulturam
759 2573 887 2630 debitam
903 2574 998 2631 fuerat
1012 2575 1193 2648 deportatus.

275 2672 348 2729 m
371 2673 599 2729 uteccecmnes
615 2670 805 2728 auarissimo
822 2689 914 2746 usque
938 2673 974 2731 ad
994 2672 1123 2746 primum
1149 2690 1208 2729 una
1222 2689 1300 2742 voce,
1318 2689 1378 2730 una
1402 2671 1549 2746 simulque
1573 2669 1729 2748 concordia
1743 2669 1869 2738 Leonem

239 2769 434 2827 venerabilem
452 2770 653 2843 presbyterum
668 2768 725 2825 sihi
740 2769 872 2825 futurum
884 2770 1051 2842 pontificem
1063 2770 1245 2844 flagitabant.
1258 2773 1293 2828 iit
1305 2772 1382 2844 quod
1394 2769 1509 2828 nullum
1520 2786 1610 2845 super
1618 2768 1752 2829 seatium
1764 2766 1870 2824 hahere

240 2867 345 2924 veilent
360 2867 524 2942 praesulem,
542 2865 597 2923 nisi
615 2867 694 2924 hunc
710 2866 745 2924 de
760 2884 817 2940 quo
833 2867 933 2924 crebro
949 2869 1060 2924 dictum
1077 2873 1130 2936 est,
1145 2869 1229 2927 multi
1242 2868 1494 2944 conjurationibus
1510 2885 1542 2924 aa
1554 2867 1675 2926 vocibus
1690 2865 1868 2929 fatebantur.

241 2967 370 3031 Quorum
386 2965 591 3036 incunctanter
605 2964 738 3022 omnium
754 2965 901 3024 credimus
918 2967 1006 3022 cordo
1020 2967 1055 3023 ad
1072 2966 1150 3022 bunc
1166 2968 1359 3048 expetentium
1376 2984 1434 3026 non
1445 2965 1601 3040 aliud,nisi
1617 2981 1701 3025 amor
1711 2963 1871 3032 divinasset

201 3065 223 3120 5
241 3061 344 3119 divina
357 3063 473 3138 virtutis
488 3062 682 3120 inflammavit
695 3067 724 3119 et
738 3063 830 3119 univit
845 3063 1010 3120 clementia.
1026 3066 1108 3120 Tunc
1121 3082 1232 3134 omnes,
1250 3069 1282 3121 ut
1301 3065 1438 3138 superius
1458 3066 1630 3122 adnotatum
1646 3066 1700 3132 sat,
1716 3063 1870 3136 pergentes

242 3177 309 3218 cum
320 3162 427 3236 gaudio
439 3160 595 3236 multaque
606 3161 859 3220 aviditatislaetitia
869 3163 905 3219 ad
915 3162 1081 3230 ecclesiam,
1093 3163 1122 3219 in
1134 3180 1193 3236 qua
1204 3163 1336 3238 degebat,
1349 3163 1501 3222 beatorum
1512 3168 1639 3236 quatuor
1647 3161 1869 3232 coronatorum,

242 3275 309 3315 eum
325 3264 459 3334 coactum
474 3260 656 3332 invitumque
672 3258 774 3322 exinde
789 3260 991 3318 abstrahentes
1016 3278 1083 3318 oum
1104 3261 1221 3336 hymnis
1246 3261 1441 3336 laudibusque
1460 3261 1609 3342 precipias
1624 3261 1660 3320 ad
1677 3261 1871 3328 Laterananse

241 3356 454 3432 patriarchium
469 3358 683 3430 perduxerunt:
701 3356 878 3428 quimorem
894 3363 1098 3419 conservantes
1112 3359 1278 3432 antiquum,
1300 3377 1402 3418 omnes
1418 3358 1541 3418 osculati
1557 3363 1627 3416 sunt
1641 3358 1741 3432 pedes.
1758 3356 1872 3423 Quanta

242 3458 339 3512 autem
354 3453 383 3530 in
399 3455 464 3532 ejus
479 3453 638 3526 pontificati
654 3453 794 3511 electione
809 3455 964 3512 concordia
974 3455 1017 3511 vei
1033 3456 1213 3512 unanimitas
1223 3456 1320 3524 fuerit,
1332 3456 1432 3514 nulius
1443 3456 1567 3514 breviter
1576 3452 1871 3514 enarrarehominum

183 3553 224 3608 io
242 3555 347 3625 potest.
364 3552 437 3618 Quid
454 3555 552 3622 autem
563 3549 715 3608 electionis
731 3569 789 3607 sue
806 3556 935 3625 ternpore
951 3552 1149 3625 apostolorum
1175 3554 1333 3628 suffragiis,
1350 3558 1471 3627 suisque
1486 3554 1595 3611 sanctis
1611 3547 1877 3612 intervenientibus·

241 3647 377 3722 precibus
392 3648 428 3704 da
442 3647 595 3704 Saracenis
609 3647 679 3719 illis,
695 3648 745 3721 qui
757 3653 817 3704 tam
833 3649 976 3706 nefarium
987 3650 1082 3708 scelus
1095 3650 1315 3722 commiserunt,
1327 3652 1425 3714 divina
1439 3651 1532 3708 virtus
1543 3647 1764 3726 peregerit,hoc
1774 3646 1873 3704 incon·

240 3745 359 3804 venians
375 3749 426 3803 aut
440 3745 668 3828 reprehensibile
683 3764 741 3804 non
757 3749 802 3803 est
816 3746 876 3804 sive
891 3748 927 3802 ab
943 3749 1109 3805 futurorum
1125 3749 1185 3806 sive
1198 3750 1333 3808 timorem
1349 3750 1408 3814 sive
1423 3749 1606 3818 memoriam,
1623 3745 1809 3821 presentibus
1822 3741 1873 3798 lit-

240 3843 310 3901 teris
326 3833 473 3901 adnotare.
491 3844 599 3901 Omnes
609 3843 764 3910 enimcum
774 3842 890 3913 vellent,
904 3844 1111 3918 iniquitatisac
1122 3847 1345 3920 depraedationis
1357 3848 1465 3906 scelere
1474 3849 1649 3921 perpetrato,
1660 3845 1697 3900 ad
1707 3841 1871 3917 Africanam

240 3959 299 4016 qua
312 3945 452 4018 venerant
465 3942 613 4016 regionem
629 3945 771 4008 revertere
781 3941 829 4015 (b),
837 3945 918 4015 vasto
930 3942 1020 4000 maris
1031 3943 1133 4018 pelago
1141 3945 1169 4000 vi
1181 3951 1333 4000 ventorum
1345 3945 1608 4018 procellarumque,
1621 3942 1697 4000 sicut
1709 3944 1788 3998 certa
1798 3935 1871 3995 rela-

181 4035 224 4091 15
241 4032 320 4089 tione
336 4029 536 4105 cognovimus,
552 4035 609 4098 Deo
625 4030 821 4105 permittente,
839 4031 965 4088 demersi
986 4037 1056 4090 sunt
1070 4035 1285 4108 antiquumque
1305 4033 1377 4091 iilud
1399 4033 1600 4109 AEgyptiorum
1615 4029 1791 4092 miraculum
1807 4041 1872 4084 ecca

241 4129 352 4189 noviter
365 4127 565 4203 apostolurum
580 4129 688 4187 meruit
711 4127 804 4185 oratio
818 4128 959 4187 obtinere.
983 4121 1107 4190 Romani
1130 4149 1257 4205 quoque,
1281 4137 1315 4189 ut
1330 4132 1468 4202 diximus,
1486 4131 1551 4188 novi
1571 4124 1872 4202 electionepontificis

242 4229 470 4302 congaudentes,
488 4230 638 4300 caeperunt
657 4227 762 4283 iterum
788 4243 845 4283 non
865 4227 1052 4285 mediocriter
1076 4229 1254 4296 constritari,
1271 4245 1304 4286 ao
1320 4230 1397 4304 quod
1413 4230 1476 4288 sina
1491 4226 1637 4301 imperiali
1652 4243 1710 4282 non
1725 4223 1872 4282 audebant

242 4316 418 4374 auctoritate
432 4316 565 4372 maurum
590 4330 760 4372 consecrare
783 4313 962 4387 pontificem,
979 4316 1201 4391 periculumque
1220 4321 1355 4378 Romane
1381 4316 1462 4374 urbis
1487 4317 1613 4374 maxime
1637 4315 1816 4380 metuebant,
1835 4327 1872 4366 nc

232 4415 348 4472 ‘iterum
364 4417 397 4470 ut
410 4412 480 4470 olim
496 4411 562 4470 aliis
577 4413 613 4469 ab
628 4411 763 4468 hostibus
777 4413 882 4470 fuisset
900 4414 1030 4470 obsessa.
1048 4413 1106 4484 Hoc
1121 4415 1226 4472 timore
1242 4420 1271 4472 et
1286 4416 1384 4474 futuro
1399 4433 1470 4472 casu
1484 4412 1639 4488 perterriti,
1650 4428 1718 4468 eum
1734 4409 1796 4467 sine
1807 4425 1871 4482 per·

179 4505 336 4568 sominae
350 4509 491 4584 principis
503 4509 657 4582 presulem
668 4517 919 4579 consecraverant,
935 4512 1023 4568 fidem
1040 4529 1156 4586 quoquc
1171 4513 1251 4571 illius
1267 4514 1326 4571 sive
1341 4514 1481 4571 honorem
1497 4514 1562 4586 post
1573 4513 1663 4568 Deurn
1673 4526 1724 4585 per
1736 4505 1872 4566 omniact

233 4609 272 4665 in
288 4608 427 4666 omnibus
442 4611 658 4664 conservantes.

276 4706 354 4764 408
374 4705 441 4762 iam
456 4703 525 4778 quia
537 4705 686 4762 humanus
701 4705 867 4764 existimare
882 4725 941 4765 non
956 4708 1065 4766 suflicit
1081 4709 1198 4779 arbiter,
1216 4727 1269 4766 nec
1279 4727 1311 4767 os
1328 4711 1435 4769 referre
1448 4707 1593 4783 praaaa'et,
1607 4703 1873 4784 quantahonitatis

240 4819 275 4861 ac
290 4804 408 4878 pietatis
423 4803 470 4860 hic
485 4803 675 4862 beatissimus
685 4803 808 4886 existitit
818 4807 956 4884 pontifex,
966 4809 1121 4878 redeamus
1132 4810 1168 4866 ad
1180 4826 1214 4867 ea
1224 4827 1283 4884 qna
1292 4811 1384 4869 fretus
1395 4808 1444 4866 Dei
1456 4811 1731 4866 amoresauctorum
1742 4803 1871 4862 ecclesiis

241 4901 357 4971 obtulit,
372 4905 400 4959 et
415 4919 432 4958 a
446 4899 540 4974 primo
552 4902 740 4974 pontificatus
749 4881 921 4961 suiexordio
932 4923 1113 4964 enarremus.
1122 4907 1183 4974 ,Hic
1192 4925 1259 4964 vera
1270 4908 1395 4982 insignis
1405 4913 1434 4965 et
1445 4907 1601 4982 preclarus
1613 4901 1735 4963 antistes
1745 4919 1871 4978 superno

239 5015 340 5054 amora
349 4999 540 5055 exardescens
550 4996 655 5056 obtulit
663 4997 822 5055 inbasilica
832 5001 908 5080 beati
921 4987 994 5078 Petri
1005 5003 1128 5078 apostoli
1139 5022 1277 5062 coronam
1288 5005 1451 5078 exurgente
1462 5004 1622 5078 purissimo
1634 5019 1734 5071 unam,
1746 5017 1871 5076 pensan·

188 5096 299 5152 acam
315 5094 406 5152 libras
421 5094 521 5170 viginti
530 5098 559 5151 at
573 5097 714 5167 quatuor;
725 5096 869 5176 gabathas
881 5097 1063 5158 interrasiles
1074 5103 1159 5171 duas,
1172 5119 1295 5175 pensan,
1311 5100 1401 5164 libras
1413 5103 1486 5162 duas
1498 5120 1505 5172 ;
1517 5101 1581 5159 vela
1596 5099 1799 5176 septem.,.duo
1810 5095 1872 5169 qui·

238 5193 307 5250 dem
323 5192 359 5249 de
371 5193 506 5262 fundato,
523 5196 551 5250 et
563 5191 620 5250 alia
639 5193 697 5250 duo
723 5194 759 5250 de
783 5196 921 5266 stauraci,
948 5202 976 5254 et
993 5199 1056 5256 ¹tria
1081 5201 1116 5256 de
1131 5200 1277 5272 spaniaco.
1298 5199 1408 5264 Obtulit
1423 5217 1490 5258 vero
1505 5200 1614 5257 ibidem
1630 5198 1666 5255 ad
1686 5195 1869 5270 splendorem

240 5295 269 5346 at
283 5290 516 5364 gloriamipsius
530 5291 699 5348 venerande
715 5291 840 5348 basilica
855 5293 999 5351 cortinam
1015 5296 1239 5357 Alexandrinam
1256 5299 1336 5360 mira
1353 5297 1582 5372 pulchritudinis
1601 5311 1702 5361 unam,
1714 5291 1869 5348 habentem
1971 5365 1980 5378 ι

232 5377 396 5436 ¹historiam
407 5397 553 5453 pavonum
564 5380 743 5454 portantium
755 5381 880 5455 desuper
892 5383 1037 5454 homines,
1050 5390 1078 5442 et
1086 5385 1173 5442 aliam
1185 5386 1338 5444 historiam
1350 5388 1515 5461 aquilarum
1529 5391 1726 5456 rotarumque,
1734 5383 1762 5436 at
1772 5379 1870 5436 avium

240 5493 307 5534 cum
317 5477 480 5535 arboribus.
491 5478 555 5551 lpse
564 5494 632 5534 vero
641 5478 775 5554 egregius
786 5485 815 5537 et
828 5481 1078 5562 prudentissimus
1091 5501 1165 5556 papa
1175 5483 1282 5542 obtulit
1293 5485 1321 5540 in
1334 5483 1457 5543 basilica
1469 5489 1637 5542 sanctorum
1648 5482 1775 5552 quatuor
1783 5477 1869 5533 Guro-

174 5574 224 5632 40
242 5578 389 5643 natorum,
410 5575 441 5630 in
456 5591 514 5646 qus
529 5576 683 5632 sacerdotii
699 5575 745 5633 sui
760 5575 952 5635 solertissime
966 5580 1087 5638 functus
1098 5585 1142 5637 est
1155 5582 1295 5652 officium,
1310 5582 1439 5638 canistra
1448 5583 1483 5637 de
1493 5583 1612 5652 argento
1627 5575 1787 5650 purissimo
1802 5573 1868 5644 tria,

175 5727 177 5732 .
237 5689 351 5745 pensan
366 5671 490 5729 libras...
506 5673 699 5745 Aquamanile
716 5673 852 5732 similiter
862 5677 897 5732 dc
908 5681 1028 5750 argento
1045 5679 1242 5736 mundissimo
1259 5696 1426 5752 perunum,
1439 5676 1578 5733 canthara
1589 5691 1655 5732 cum
1668 5673 1870 5747 thymiamate-

240 5769 293 5837 rio,
309 5770 338 5828 id
353 5779 405 5827 est.
424 5786 545 5844 pensan.
562 5769 651 5829 libras
656 5812 709 5829 .....
725 5772 796 5829 Vola
812 5774 848 5831 de
871 5774 1003 5844 fundato,
1019 5795 1088 5850 quoe
1108 5777 1143 5834 ad
1170 5777 1294 5834 nitorem
1319 5775 1413 5849 ipsius
1437 5773 1466 5828 in
1493 5790 1562 5830 arcu
1585 5773 1718 5830 videntur
1740 5768 1868 5856 ecclesias

754 5903 880 5956 NOTULAE
900 5908 1094 5974 nundinatus
1115 5909 1277 5956 FAOROTTI.

193 5932 346 6046 (samo.
361 5989 390 6034 v.
407 5973 585 6049 (aracaio.
