3998 6158
139 254 201 327 9²9
511 259 692 326 HISTORIA
713 258 766 324 bn
787 255 889 324 vixis
913 255 1006 324 ROM.
1029 257 1144 323 PON'l'.
1160 293 1198 306 -
1213 261 1389 324 loannes
1411 261 1477 326 vll.
1784 253 1843 328 ΜΟ

137 393 276 454 stolicnm
292 394 620 466 commendarit,missis
633 394 712 450 anim
729 396 765 452 ad
776 411 843 450 eum
854 394 884 449 in
901 411 965 476 eqe-
982 394 1006 461 Α
1022 409 1089 449 crim
1105 409 1159 448 euo
1173 391 1347 476 exercituud
1363 409 1414 476 pro
1436 396 1479 451 rio
1493 397 1632 470 repedare
1647 397 1725 466 lecit,
1737 402 1769 455 ut
1784 403 1842 455 tra-

137 466 965 542 trisdcgentemsacerdotibusonmapostolicisdonaros,
1022 466 1097 520 dunt
1111 467 1284 520 Anastasius
1299 481 1328 519 ιιι
1344 481 1409 536 epus
1449 467 1498 538 ita,
1514 472 1544 524 et
1558 468 1665 526 Paulus
1686 469 1842 536 Diaconos,

139 539 431 614 universoscaptixos
442 540 477 595 de
488 539 552 612 ejus
563 539 701 595 manibus
712 537 966 606 redemit‚etillom
1022 537 1062 592 lib
1078 553 1104 593 vr
1121 537 1156 592 dc
1172 535 1268 592 Gestis
1285 536 1480 610 iungebam„
1496 557 1548 614 cap
1562 543 1607 597 27.

730 935 942 1008 xxxxviii.
970 935 1162 1009 JOANNES
1190 936 1259 1007 Vll.

649 1125 732 1176 xxxo
754 1127 872 1174 cnxrsrs
894 1110 963 1188 705,
987 1125 1158 1174 rusrrxrxm
1179 1125 1294 1172 runoux
1308 1113 1339 1172 2.

892 1279 1099 1294 ffl

267 1429 346 1486 m
369 1423 508 1488 loannes
528 1423 595 1498 llll,
617 1421 745 1486 natione
767 1425 903 1496 Grecos,
928 1429 1016 1503 patre
1038 1423 1181 1500 Platone,
1205 1423 1286 1486 scdit
1314 1443 1416 1487 annos
1447 1423 1537 1500 duos,
1562 1446 1685 1490 menses
1712 1435 1845 1510 septem,

226 1530 293 1594 diae
313 1530 548 1614 septemdecim.
572 1529 643 1592 suit
664 1535 769 1592 autem
791 1530 986 1610 temporibus
1007 1509 1275 1610 'l'iberii'dugusti
1297 1536 1329 1594 et
1347 1531 1518 1594 iustiniani
1537 1533 1658 1595 dodum
1680 1535 1849 1615 imperato·

225 1637 281 1712 ris,
304 1637 601 1734 xiqeruditissimus
630 1642 663 1698 et
691 1637 847 1698 facundus
880 1637 1071 1718 eloquentia.
1094 1638 1150 1699 llic
1172 1637 1245 1699 lecit
1274 1638 1446 1700 oratorium
1468 1645 1585 1702 sancte
1605 1641 1661 1702 Dei
1683 1641 1848 1706 Genitricis

226 1743 311 1808 intra
332 1743 495 1808 ecclesium
519 1743 602 1806 besti
623 1743 707 1805 l‘ctri
728 1743 875 1824 apostoli,
898 1743 988 1824 cujus
1009 1744 1145 1824 parietes
1173 1745 1295 1806 musivo
1327 1744 1481 1826 depinxit.
1504 1745 1633 1827 illicque
1654 1748 1723 1810 auri
1744 1755 1776 1812 ct
1797 1769 1846 1812 ar·

185 1851 315 1932 egenti
345 1851 554 1932 quantitatem
585 1851 718 1914 multam
749 1851 909 1931 expendit,
942 1856 974 1914 et
1005 1851 1232 1914 venerabilium
1260 1853 1390 1913 Petrum
1421 1853 1534 1914 dextra
1572 1853 1714 1935 imosque
1744 1855 1850 1918 vultus

229 1957 341 2022 erexit.
364 1957 421 2020 llic
442 1957 632 2020 restauravit
653 1957 813 2020 basilicam
836 1964 953 2020 sunctae
975 1957 1138 2038 Eugenioe,
1161 1977 1232 2038 qum
1254 1958 1349 2039 longo
1370 1965 1512 2040 tempore
1541 1959 1663 2024 detecta
1685 1967 1779 2042 atque
1800 1962 1849 2024 di·

228 2069 322 2146 ruptn
344 2065 459 2126 inerat.
478 2063 651 2138 ¹laborarit
671 2071 777 2126 autem
799 2070 832 2126 et
848 2065 884 2126 io
907 2065 1095 2128 coemeteriis
1117 2065 1280 2126 beatorum
1312 2073 1486 2147 martyrum
1509 2067 1681 2130 Marcellini
1702 2066 1851 2132 alilardi

227 2171 416 2253 Damasiquo
437 2171 538 2234 suncti
559 2169 726 2254 pontilicis.
750 2171 837 2234 Fecit
858 2189 931 2232 vero
953 2177 985 2233 et
1006 2171 1160 2251 imagines
1181 2190 1238 2252 per
1266 2172 1404 2234 diversos
1434 2173 1591 2250 ccclesias,
1612 2195 1695 2256 quas
1715 2176 1850 2256 quicun-

227 2297 290 2359 qne
311 2297 403 2341 nosee
430 2278 597 2354 desiderat,
620 2279 652 2340 io
683 2278 729 2341 cis
759 2275 827 2357 ejus
855 2278 977 2339 uultum
1009 2279 1168 2358 depictum
1201 2280 1347 2358 reperiet.
1369 2281 1534 2343 Basilicam
1557 2282 1704 2363 itemque
1735 2289 1852 2344 sanctae

160 2384 204 2446 {0
224 2385 281 2446 Dei
303 2386 477 2461 Geoitricis,
502 2403 573 2466 qnae
595 2385 734 2466 Antiqua
754 2390 896 2458 vocatur,
921 2385 1044 2464 pictura
1065 2385 1236 2460 decoravit,
1261 2385 1388 2466 illicque
1418 2387 1586 2450 ambonem
1618 2389 1741 2451 nroviter
1766 2389 1850 2464 lecit,

226 2497 259 2554 et
277 2512 373 2573 snper
402 2493 546 2556 eamdem
577 2491 741 2556 eeclesiam
774 2491 969 2572 episcopium
1000 2497 1154 2572 quantum
1186 2489 1226 2552 ad
1248 2510 1281 2552 se
1302 2493 1492 2556 constituere
1515 2496 1627 2558 maluit
1649 2495 1702 2576 (o),
1727 2495 1852 2576 illicque

227 2598 430 2680 pontificatus
448 2598 499 2659 sui
521 2605 645 2680 tempus
667 2599 815 2680 explevit.
839 2600 895 2660 llic
916 2598 989 2659 iecit
1010 2598 1138 2658 calicem
1162 2615 1292 2659 aureum
1316 2599 1521 2680 precipuum,
1546 2608 1730 2682 pensantem
1755 2602 1853 2664 libras

227 2705 349 2784 viginti,
371 2724 465 2786 quem
488 2713 519 2767 et
539 2706 673 2785 gemmis
696 2703 840 2785 pretiosis
861 2703 1035 2766 decoravit.

270 2819 350 2872 ¹08
374 2811 473 2892 liujus
505 2811 700 2894 temporibus
731 2812 904 2891 aripertus,
934 2829 989 2872 rex
1019 2810 1314 2890 Longobardorum,
1346 2810 1549 2873 donationem
1581 2813 1764 2893 patrimonii
1796 2814 1852 2876 xl-

228 2916 314 2998 pinm
337 2918 501 2982 debemur
523 2917 661 3000 (d),quee
684 2916 781 2997 longa
802 2937 858 2999 per
879 2923 1024 2997 tempora
1045 2934 1064 2978 a
1082 2915 1155 2996 jure
1178 2915 1323 2978 Ecclesia
1345 2917 1469 2996 privata
1489 2918 1657 2993 inoratam
1677 2919 1718 2981 ab
1740 2920 1853 2984 eadem

227 3030 321 3104 gente
341 3025 554 3100 detinebatur,
575 3025 608 3086 io
632 3025 744 3087 litteris
765 3024 869 3086 aureis
898 3029 1064 3086 exaratum
1092 3022 1165 3104 jure
1196 3023 1323 3104 proprio
1354 3023 1440 3086 beati
1460 3026 1675 3106 apostolorum
1700 3027 1853 3111 principis

227 3130 313 3194 Petri
343 3129 537 3195 reformavit.
561 3131 598 3214 (e)
619 3131 721 3212 liujus
752 3131 949 3214 temporibus
978 3130 1177 3193 Justioienus
1211 3131 1384 3212 imperator
1410 3132 1599 3214 apartibus
1628 3133 1789 3196 zacharie
1812 3134 1853 3218 (d)

185 3245 205 3304 5
227 3261 285 3326 per
304 3240 374 3302 loca
395 3239 552 3320 Bnlgarioe
575 3239 693 3301 auxilio
715 3238 874 3316 Trebellii,
897 3238 1106 3318 Belgarorum
1128 3237 1222 3318 regis,
1245 3257 1345 3319 usque
1367 3237 1407 3300 ud
1428 3239 1548 3320 regiam
1570 3239 1682 3304 urbem
1710 3241 1863 3316 xcoieoe‚'

229 3363 363 3432 reguum
386 3347 562 3429 proprium,
585 3348 624 3410 de
654 3366 719 3427 quo
750 3345 910 3428 projectos
940 3346 1054 3419 luerat,
1077 3345 1211 3425 adeptus
1241 3350 1297 3406 est.
1323 3349 1457 3408 Leonem
1488 3348 1584 3409 etiam
1615 3354 1647 3410 et
1676 3349 1851 3442 Tiberium,

228 3459 282 3540 qni
305 3457 408 3519 locum
432 3453 500 3536 ejus
522 3460 763 3534 usurpaverant,
787 3451 880 3534 cepit,
905 3458 938 3515 et
957 3453 989 3514 in
1012 3451 1117 3514 medio
1139 3451 1248 3514 circuli
1270 3451 1306 3533 (e)
1330 3470 1436 3515 coram
1458 3455 1544 3516 omni
1566 3454 1685 3537 populo
1709 3454 1841 3535 jugulur

227 3564 311 3638 iecit,
333 3569 365 3626 el
386 3561 525 3626 obtinuit
543 3560 758 3642 principatum
781 3561 821 3622 de
841 3579 905 3640 quo
927 3565 1022 3622 antea
1043 3560 1237 3622 tumultuose
1259 3561 1363 3622 iuerat
1383 3560 1543 3640 dejectus;
1559 3562 1617 3643 qui
1638 3561 1722 3624 illico
1746 3569 1780 3624 ut
1802 3581 1855 3644 pa·

225 3671 336 3735 lntinm
357 3671 518 3750 ingressus
540 3673 598 3743 est,
621 3667 848 3748 propriumque
871 3667 1005 3748 adeptus
1027 3673 1073 3728 est
1094 3665 1275 3748 imperium,
1299 3673 1413 3742 tomos,
1435 3688 1516 3749 quos
1538 3677 1633 3732 antea
1654 3670 1713 3732 sub
1735 3670 1854 3732 domno

165 3783 207 3843 {0
228 3779 338 3857 Sergio
359 3774 541 3856 apostolieae
563 3773 722 3836 memoriae
745 3772 892 3854 pontilice
915 3775 1048 3836 Romam
1070 3774 1241 3846 direxerat,
1263 3773 1296 3834 in
1326 3775 1441 3854 quibus
1470 3775 1594 3838 diverse
1626 3777 1765 3859 capitula
1793 3780 1854 3840 Ro·

226 3903 331 3950 manoe
351 3883 498 3946 Ecclesia
519 3881 679 3944 contraria
699 3881 816 3961 scripta
837 3880 973 3953 inerant,
990 3899 1047 3962 per
1067 3879 1146 3946 duos
1169 3881 1428 3960 metropolitanos
1448 3882 1613 3964 episcopos
1635 3881 1853 3955 demandavit,

227 3987 367 4072 dirigens
389 4009 445 4071 per
465 3969 519 4053 eos
540 3993 572 4052 et
592 4006 727 4060 sacram,
743 4006 801 4068 per
821 4005 918 4067 quam
940 3987 1181 4048 denominatum
1204 3985 1387 4067 pontificem
1410 3987 1590 4066 conjuravit
1611 4007 1648 4050 ac
1669 3987 1855 4052 adhortatus

228 4105 277 4162 est
296 4103 332 4160 nt
353 4096 533 4179 apostoliam
554 4093 704 4158 llcclesiae
726 4093 894 4155 concilium
926 4100 1125 4173 aggregaret,
1149 4099 1180 4154 et
1201 4112 1336 4174 quaeque
1357 4094 1386 4154 ci
1407 4093 1475 4155 viso
1496 4101 1610 4168 essent,
1634 4094 1801 4170 stabiliret,
1824 4100 1856 4156 et

225 4225 299 4289 quse
321 4205 463 4278 adversa,
487 4201 650 4266 renuendo
671 4199 854 4262 excluderet
875 4199 927 4282 (f).
949 4199 1012 4264 Sed
1034 4199 1085 4261 hie
1108 4201 1249 4262 humans
1279 4199 1452 4280 fragilitate
1484 4199 1622 4276 timidos,
1645 4201 1704 4262 bos
1733 4217 1854 4280 nequa-

166 4315 208 4378 ld
230 4331 327 4394 quam
349 4316 452 4374 tomos
473 4309 659 4384 emendans,
683 4324 740 4388 per
759 4306 940 4388 supralatos
961 4305 1181 4388 metropolitas
1202 4304 1319 4386 direxit
1340 4306 1380 4368 ad
1401 4305 1590 4388 principem,
1607 4311 1676 4387 post
1697 4323 1769 4386 qum
1792 4325 1855 4369 noo

225 4417 280 4482 diu
303 4417 334 4480 in
356 4415 417 4478 hac
438 4416 504 4478 vita
524 4413 662 4476 duravit.
684 4413 741 4476 Hie
763 4413 836 4476 lecit
856 4413 1021 4494 episcopos
1044 4429 1100 4493 per
1120 4412 1245 4474 diversa
1268 4411 1338 4475 loca
1359 4430 1491 4474 numero
1513 4411 1621 4474 decem
1643 4418 1676 4474 et
1696 4418 1779 4476 octo.
1795 4413 1856 4486 Oui

226 4526 323 4589 etiam
345 4522 487 4605 sepultus
507 4527 555 4584 eet
576 4520 617 4583 ad
638 4521 766 4582 beatum
788 4521 915 4582 Petrum
939 4518 1116 4600 apostolum
1139 4525 1213 4581 aotc
1235 4519 1335 4581 altare
1357 4519 1489 4580 oratorii
1510 4523 1627 4581 sanctus
1648 4519 1704 4581 Dei
1725 4517 1857 4582 Genitri-

226 4633 284 4708 cis,
306 4629 392 4713 qood
413 4629 480 4710 ipse
499 4626 676 4692 construxit
697 4627 756 4688 snb
777 4625 829 4690 die
849 4645 889 4690 xe
911 4626 1045 4690 Kalend.
1068 4625 1265 4700 Novembris,
1282 4625 1453 4687 indictione
1475 4631 1575 4700 sexta,
1598 4625 1777 4688 Jusdoiaoo
1799 4627 1857 4690 ne

228 4755 357 4802 menam
379 4734 607 4818 rempublicam
630 4734 840 4816 gubernante,
863 4739 895 4796 et
915 4734 1048 4797 cessavit
1069 4734 1269 4816 episcopatus
1290 4751 1413 4795 menses
1435 4737 1509 4794 tres.

743 4914 870 4962 NOTULAE
891 4913 1082 4961 mammes
1104 4913 1260 4960 sanaem.

181 5063 222 5136 (a)
239 5064 251 5087 ·
265 5065 435 5120 construere
449 5057 551 5116 voluit.
579 5060 606 5129 b)
622 5061 633 5084 ·
649 5057 825 5114 Coctiarum.
842 5058 874 5127 B,
887 5055 1059 5114 cottiarum.
1076 5061 1111 5127 (cl
1129 5057 1192 5115 Vide
1206 5061 1300 5114 Boron
1315 5055 1349 5112 od
1364 5073 1420 5112 eon
1434 5055 1546 5114 Domini
1558 5058 1622 5114 704.
1638 5057 1700 5128 (d)‘
1717 5057 1854 5116 (lunaria.

142 5139 183 5206 (a)
198 5133 293 5192 Circo.
309 5133 342 5206 (1)
359 5133 423 5190 Vide
437 5131 529 5190 Bnrou
589 5147 645 5188 oea
659 5131 772 5187 Domini
784 5129 848 5185 705.

827 5279 948 5339 VARIAE
967 5279 1177 5340 taeniense.

393 5427 436 5485 lic
450 5423 540 5486 codiee
554 5425 733 5483 domniono.
990 5427 1015 5494 Β
1029 5423 1095 5482 bela
1109 5443 1162 5483 n...
1181 5441 1275 5498 usque
1289 5425 1325 5482 ad
1339 5427 1461 5501 regiam
1474 5429 1530 5484 tio.
1548 5429 1593 5498 15,
1616 5428 1703 5498 atque
1732 5423 1855 5484 adversa

1030 5497 1195 5554 renovando
1210 5502 1348 5554 cassaret.

181 5592 267 5647 Num.
282 5589 347 5657 168,
373 5588 424 5644 itu.
443 5590 472 5652 2,
498 5586 550 5660 qui
565 5585 613 5642 lon
635 5599 720 5658 aper
733 5588 866 5657 tempora
880 5601 896 5640 a
908 5585 977 5655 ‚iure
1271 5588 1313 5642 Ee
1326 5586 1416 5643 codice
1429 5587 1612 5642 Vollicellooo.

140 5661 279 5718 Ecclesia
288 5659 437 5737 privatum
444 5659 553 5728 tuerat,
564 5673 626 5714 sea
654 5657 756 5713 eudem
766 5661 851 5731 geute
865 5657 977 5712 detine·
1068 5663 1149 5715 Nero.
1167 5657 1229 5727 le7,
1245 5659 1295 5715 tio.
1313 5661 1326 5714 l
1342 5658 1469 5715 loannes
1484 5661 1555 5720 not,
1571 5662 1675 5723 etc.,ut
1687 5659 1764 5730 deq„
1779 5663 1852 5716 llos.

144 5733 238 5790 batur
259 5731 291 5788 in
309 5729 515 5801 l.·a.·a.'1ure.
531 5728 659 5805 proprio.
678 5725 733 5784 lla.
749 5728 777 5794 4,
792 5727 979 5785 lastinianus
1033 5736 1058 5785 ct
1076 5729 1192 5797 leuco„
1207 5743 1270 5786 cum
1296 5729 1399 5812 quibua
1426 5725 1569 5784 concordat
1592 5729 1676 5784 etium
1690 5731 1740 5786 lix,
1757 5733 1812 5786 tet
1824 5732 1852 5786 b.

142 5797 542 5878 sepapaleiuoeenasaec
550 5817 602 5874 per
614 5797 679 5858 loca
692 5797 837 5872 vulgariae
847 5803 979 5856 eumter·
1035 5801 1085 5856 tto.
1095 5803 1124 5870 2,
1135 5801 1197 5858 dics
1206 5803 1241 5857 -17
1254 5819 1260 5870 ς
1272 5800 1319 5856 bre
1331 5800 1376 5856 uir
1388 5795 1852 5871 eruditissimus,etlaoaloqnen.
