4040 6170
214 251 291 314 ttaa
793 243 999 306 anastasii
1022 242 1332 304 Btnttorttuetml
1842 241 1932 301 ttae

213 389 320 440 nostru
334 381 469 438 Ecclesia
485 378 794 436 reconditatenelur...
808 375 1039 431 Prrnominatus
1054 377 1077 444 Α
1095 374 1264 448 tegendum.
1278 395 1291 423 a
1306 373 1337 430 ln
1353 373 1477 500 essistcla
1490 373 1509 429 5
1522 389 1528 428 :
1542 397 1555 423 «
1572 373 1708 458 Praelata
1730 391 1746 430 e
1782 372 1935 447 opopulo

214 461 311 511 ontrrn
329 452 473 510 Fulrudus
488 449 772 516 venorabilisabbas,
785 451 814 502 ut
826 447 912 520 presb
934 448 1039 502 teslta·
1094 445 1300 502 mroflomano
1330 463 1368 500 mi
1394 445 1519 501 iaDeo
1543 463 1735 503 commisso...
1782 445 1937 525 ummodo

214 526 394 587 sarmatiam,
408 529 582 597 partescum
595 521 695 576 missis
701 521 764 592 jum
777 519 826 574 fati
839 465 948 574 cistula
965 519 1041 592 regis
1095 535 1185 572 currem
1200 516 1376 590 peculiarem
1394 517 1547 590 populum,
1559 519 1587 572 ef
1603 519 1764 573 Romanam
1779 535 1883 574 aarum
1904 533 1940 569 cr·

217 602 408 670 conjungere,
419 601 448 651 et
458 592 650 666 persingulas
661 589 827 664 ingrediens
838 589 970 646 civitates
980 595 1041 646 tam
1095 589 1249 644 ritatem...
1264 611 1278 638 »ι
1290 587 1343 654 Qui
1360 587 1498 660 loquendi
1513 589 1618 644 modus
1634 589 1751 644 evidens
1766 603 1941 662 argumen-

218 669 408 741 Pentopoleos
425 683 513 737 quam
529 670 556 720 et
572 662 703 728 AEmiliae‚
720 677 828 734 casque
844 661 996 732 recipiens,
1014 665 1043 716 et
1095 663 1160 715 tum
1175 663 1220 716 cst
1234 675 1291 714 nou
1306 658 1448 725 alienata,
1461 659 1620 716 antdivises
1632 660 1872 732 Jurisdictionis‚
1887 659 1941 713 sed

218 740 334 796 obsides
346 753 490 810 peronam
516 735 890 814 namqucauferens,atque
902 731 1042 804 primates
1095 730 1208 802 integra
1224 748 1241 786 a
1257 747 1332 802 papa
1347 733 1464 786 relenta
1485 747 1601 802 semper
1615 737 1644 786 et
1663 735 1863 813 conservate..
1881 729 1942 784 Sed

218 827 317 868 secum
333 826 392 864 una
407 825 473 864 curn
488 753 619 862 &avibus
635 809 784 876 portarum
802 804 951 859 civitatum
968 803 1043 858 defc-
1096 807 1124 858 et
1140 802 1195 874 ipsi
1212 801 1298 874 primi
1314 802 1443 858 Francici
1456 802 1646 874 imperatores
1657 803 1692 858 de
1701 802 1793 858 tutela
1803 801 1943 886 quidem

219 899 295 946 rens,
309 882 430 937 ftomam
445 877 649 950 conjunxitllt
664 876 743 948 ipsas
761 875 1040 943 altercatoriam),
1096 872 1303 930 etdefeusione
1314 876 1421 928 sancta
1433 873 1570 929 Romana
1582 872 1715 930 Ecclesia
1726 874 1756 930 in
1771 880 1854 930 acus
1875 888 1944 928 suis

218 957 278 1008 tarn
290 951 501 1008 Rauennatium
519 948 611 1012 urbis,
623 961 770 1020 quamque
781 947 961 1002 diversarum
974 945 1042 1000 civi·
1098 943 1185 1000 locuti
1202 948 1281 1010 sunt,
1294 961 1355 1026 nun
1379 959 1447 999 uam
1458 961 1525 1000 vcro
1540 945 1576 1000 de
1591 944 1646 1000 sibi
1659 963 1675 1000 a
1686 947 1768 1018 papis
1784 959 1945 1000 concessa

217 1027 311 1079 tatum
327 1022 420 1094 ipsius
432 1020 644 1076 Rauennatium
657 1018 828 1074 exarchatus
840 1035 898 1072 una
914 1035 979 1072 cum
997 1033 1044 1071 sn·
1093 1015 1350 1086 jurisdictionem
1394 1016 1486 1081 rbem,
1502 1021 1553 1070 aut
1577 1016 1716 1072 ducatum
1746 1017 1944 1073 Romanum.

218 1093 382 1176 proscripta
405 1091 561 1147 donatione
577 1091 612 1146 de
624 1089 666 1145 eis
682 1107 699 1144 a
713 1107 766 1146 suo
791 1105 858 1160 rege
879 1089 988 1143 emissa
1013 1089 1043 1142 in
1097 1087 1218 1142 Carolus
1234 1085 1368 1159 lllagnus,
1385 1086 1414 1141 in
1431 1085 1574 1142 divisione
1593 1087 1639 1143 sui
1659 1087 1739 1162 regni
1756 1089 1835 1144 facta
1856 1087 1946 1142 inter

218 1166 399 1222 confessione
414 1164 490 1219 beati
513 1161 589 1218 Petri
609 1178 730 1234 ponens,
748 1159 839 1216 cidem
858 1159 999 1232 apostolo.
1016 1163 1045 1214 ct
1098 1159 1175 1213 filios
1186 1175 1255 1214 suos
1267 1157 1465 1221 arrnoaoaait
1477 1175 1501 1214 :a
1514 1159 1717 1230 superomnia
1731 1165 1830 1215 autem
1847 1158 1945 1230 jube-

218 1235 282 1307 ejus
296 1235 403 1291 vicario
416 1233 602 1292 sanctissimo
619 1249 709 1305 papae,
724 1235 811 1303 atque
827 1230 964 1287 omnibus
980 1231 1045 1300 ejus
1098 1247 1165 1286 mus
1181 1233 1213 1283 ut
1227 1228 1282 1302 ipsi
1298 1234 1358 1284 tres
1374 1229 1477 1284 fratres
1493 1245 1594 1286 curam
1614 1235 1643 1286 et
1657 1231 1868 1288 defensionem
1889 1230 1945 1284 Ec·

218 1307 438 1364 successorihus
455 1304 653 1377 pontificibus.
671 1303 837 1376 perenniter
852 1301 1044 1374 possidendas
1099 1301 1192 1356 clasiae
1204 1299 1296 1356 sancti
1310 1301 1385 1356 Petri
1401 1297 1490 1355 simul
1503 1300 1677 1373 suscipiant,
1690 1302 1763 1358 sicut
1774 1301 1945 1382 quondam

218 1383 247 1436 at
270 1393 306 1433 ue
320 1377 518 1448 disponendas
533 1375 687 1431 tradidit.»
701 1374 841 1429 Recenset
861 1373 965 1428 deinde
982 1373 1044 1428 sin·
1099 1371 1135 1428 ab
1152 1387 1203 1427 nro
1222 1377 1326 1442 'nostro
1345 1371 1495 1444 Carolo,ct
1519 1372 1608 1428 beatae
1631 1373 1775 1428 memorie
1803 1373 1945 1445 Pipprno

217 1393 660 1520 galatimurbesrpcrsnorninc
679 1443 1045 1518 rogisperpetuumpossi·
1100 1443 1679 1570 regorionciliis{castremusccptacsm
1709 1449 1847 1500 luteam
1869 1459 1945 1500 curu

219 1521 331 1576 dandas
359 1524 446 1592 atquc
470 1519 667 1590 disponendas
693 1517 832 1572 llomauis
856 1514 1045 1587 pontificibus
1099 1513 1353 1583 Doiadjutorioa
1402 1513 1538 1569 hostibus
1566 1515 1687 1572 deiende
1742 1516 1907 1582 nitantur,
1920 1519 1947 1597 et

219 1591 310 1647 abbas
322 1591 464 1646 fulradus
475 1590 551 1661 regis
562 1589 672 1644 missus
683 1591 730 1644 Stc
754 1587 830 1643 huuc
843 1603 934 1660 pupae,
943 1603 1043 1642 carum
1096 1584 1243 1658 justitiam
1260 1601 1355 1651 suam,
1368 1590 1513 1657 quantum
1525 1587 1561 1641 ud
1574 1587 1653 1714 iEsos
1663 1586 1797 1658 pertinet,
1809 1591 1842 1643 et
1862 1592 1946 1642 ratio

219 1661 313 1718 clavos
328 1661 537 1733 consignando,
555 1659 686 1724 tradidit,
699 1607 813 1714 nullum
839 1675 927 1740 super
947 1658 983 1713 iis
1005 1673 1046 1713 re·
1099 1655 1299 1729 postulaverit,
1312 1656 1419 1712 habere
1434 1657 1571 1712 faciant.»
1608 1656 1794 1716 tbudovicua
1805 1657 1902 1724 Pius,
1916 1658 1945 1712 in

220 1749 339 1789 servans
354 1733 529 1814 dominium,
546 1735 596 1786 aut
621 1731 746 1803 speciem
772 1730 905 1798 domimi,
918 1729 978 1784 sive
999 1730 1046 1798 ju·
1061 1745 1084 1812 B
1100 1728 1242 1784 divisione
1257 1728 1365 1800 pariter
1389 1727 1434 1783 aui
1461 1729 1553 1800 regni,
1566 1745 1655 1801 quam
1680 1729 1814 1786 Baluzius
1842 1729 1947 1784 refert

220 1804 260 1860 ris
276 1805 452 1877 cujuspiam,
464 1820 534 1874 regi,
547 1803 596 1858 scd
613 1801 712 1858 omnia
730 1803 799 1872 jura
814 1805 900 1873 atquo
912 1800 1046 1872 justitias
1102 1805 1161 1854 tom
1175 1799 1197 1854 1.
1211 1797 1291 1872 Cap,
1304 1813 1381 1854 anno
1392 1799 1454 1867 837,
1467 1798 1563 1871 inquit
1575 1817 1581 1856 :
1595 1801 1714 1872 «Super
1728 1801 1828 1858 omnia
1841 1801 1945 1871 jube·

220 1877 408 1940 dunensem
424 1875 520 1930 verius
541 1873 709 1940 restituens,
724 1877 808 1928 Petro
824 1877 851 1927 et
867 1872 1046 1927 successori·
1103 1887 1179 1934 mus,
1192 1873 1279 1941 alque
1290 1869 1487 1942 precipimus,
1498 1876 1530 1926 ut
1538 1869 1595 1944 ipsi
1607 1875 1665 1927 tres
1674 1871 1775 1928 fratres
1785 1889 1905 1928 curam
1918 1875 1946 1928 et

219 1947 276 2002 bus
291 1947 378 2002 Petri.
1102 1941 1299 1997 defensionem
1311 1939 1444 1998 Ecclesia
1455 1942 1548 1998 sancti
1561 1941 1634 1997 Petri
1647 1942 1734 1998 simul
1750 1944 1943 2016 suscipiant,

257 2017 329 2084 Quid
346 2015 486 2088 pluratSi
497 2015 664 2086 Stephanus
675 2015 850 2069 conferendo
862 2013 1046 2086 patriciatum
1102 2013 1179 2068 sicut
1195 2014 1342 2084 quondam
1360 2030 1376 2068 a
1396 2029 1501 2084 proavo
1521 2017 1620 2070 nostro
1636 2014 1746 2078 Carolo.
1761 2019 1791 2072 ct
1806 2031 1868 2071 avo
1888 2033 1944 2071 uo-

221 2085 1045 2160 PippinoaliquodillijuscontulissrtinurbemRomam,
1102 2087 1162 2139 stro
1187 2083 1359 2166 Pippin0‚et
1384 2084 1473 2139 baala
1497 2085 1644 2141 memoria
1669 2085 1767 2142 Carolo
1794 2087 1943 2159 genitore

221 2159 249 2215 in
267 2159 372 2214 litteris
388 2159 422 2214 ad
440 2159 576 2213 cirnidem
600 2157 754 2230 Pippinum
771 2157 847 2212 datis
867 2157 1048 2239 potuissctnc
1103 2160 1201 2212 nostro
1217 2159 1401 2228 unpcratore,
1413 2159 1442 2211 et
1458 2173 1474 2210 u
1489 2156 1574 2211 nobis
1589 2159 1688 2229 postea
1702 2162 1842 2229 suscepta
1860 2163 1943 2214 est.»

222 2229 350 2302 amplius
365 2235 398 2284 ut
412 2229 449 2284 iis
471 2229 600 2292 vocibus,
614 2235 642 2283 ct
665 2227 810 2294 terminis,
826 2229 935 2300 quibus
958 2232 1047 2281 testa·
1103 2227 1167 2281 llaec
1180 2226 1216 2281 de
1229 2225 1427 2282 Romanorum
1440 2227 1592 2299 patriciam
1605 2227 1702 2302 putavi
1712 2247 1729 2284 a
1740 2246 1784 2284 me
1801 2229 1944 2286 breviter

219 2305 283 2357 tum
300 2301 406 2355 faceret
430 2317 517 2355 suum
535 2299 652 2370 planum
669 2299 832 2353 dominium
859 2315 947 2370 super
971 2299 1047 2354 Urbe
1102 2298 1132 2353 in
1149 2298 1225 2354 notis
1242 2299 1276 2352 ad
1293 2297 1388 2353 Vitam
1400 2297 1539 2372 Stephani
1550 2298 1730 2357 disserenda.
1741 2299 1794 2366 Oui
1811 2301 1942 2356 uberio-

220 2389 309 2443 super
331 2389 365 2426 ue
381 2371 493 2426 civibus
517 2369 837 2425 llomanis‘lllttumen
865 2369 1046 2440 loquitur-de
1101 2385 1162 2424 rem
1191 2369 1326 2424 notitiam
1355 2370 1463 2440 cupiat,
1480 2371 1565 2426 adeat
1592 2371 1741 2444 egregium
1765 2376 1941 2428 tractatum

219 2389 371 2515 republica
391 2443 589 2497 Romanorum
610 2441 771 2512 sua,depo
795 2439 843 2496 ulo
863 2440 1045 2506 suo‚dello·
1100 2442 1225 2511 ftr’senaio
1244 2441 1371 2496 Ecclesiae
1387 2441 1498 2522 jierium
1527 2457 1612 2514 cupro
1641 2441 1798 2498 Contactam
1823 2443 1941 2500 inscri-

220 2529 308 2570 mana
323 2513 437 2569 civitate
454 2529 517 2570 sua.
530 2513 561 2567 lu
577 2511 696 2584 epist.3
716 2529 749 2566 z«
765 2457 897 2568 &unctus
919 2527 1046 2583 namque
1100 2512 1257 2580 ptum,ubi
1275 2511 1463 2568 doctissimus
1494 2517 1604 2580 auctor,
1623 2517 1651 2567 et
1673 2531 1730 2570 non
1758 2517 1940 2572 tuntumde

219 2582 1046 2657 emeterpopulusreipubliraRomanorummagnodolore
1101 2581 1233 2639 Romana
1257 2582 1386 2638 Ecclesia
1401 2584 1538 2656 quamde
1561 2584 1696 2642 universa
1725 2602 1755 2640 re
1782 2584 1940 2644 litteraria

221 2661 250 2713 st
258 2655 451 2712 amarissimis
463 2655 828 2726 lacrymisunanobiscum
837 2653 1045 2710 tribulantur.»
1101 2654 1210 2726 optime
1221 2653 1354 2720 meritus,
1367 2654 1420 2710 hoc
1432 2654 1509 2711 idem
1520 2661 1725 2730 argumentum
1736 2655 1937 2732 jampridem
2012 2661 2013 2732 j

222 2727 253 2784 ln
270 2727 354 2800 epist.
369 2729 385 2782 t
401 2745 432 2782 :u
445 2727 582 2782 Sanctam
608 2725 659 2782 ilci
685 2723 844 2781 Ecclesiam
870 2730 899 2781 et
923 2733 1047 2780 noctram
1101 2741 1153 2798 pro
1168 2723 1310 2798 dignitate
1326 2724 1490 2782 illustravit.

224 2799 422 2856 Romanorum
438 2797 604 2872 reipublice
615 2796 756 2870 populum
770 2795 973 2854 commisimus
983 2812 1048 2870 pro·

813 3194 913 3266 XCV.
943 3193 1134 3267 SANCTUS
1160 3193 1334 3266 Plutus
1367 3182 1373 3196 ’

651 3383 748 3432 auro
770 3385 892 3432 cumsrr
914 3371 983 3448 itt,
1009 3383 1207 3433 cossrturim
1230 3386 1398 3434 coraourru
1422 3373 1470 3432 tr.

345 3723 425 3777 w
455 3717 583 3790 Paulus,
612 3717 740 3778 natione
770 3719 942 3792 Romanus,
969 3736 1007 3780 ex
1037 3723 1127 3799 patre
1153 3718 1370 3796 Constantino,
1400 3719 1480 3782 sedit
1506 3737 1606 3782 acinos
1631 3721 1753 3797 decem,
1784 3743 1923 3790 mensem

305 3841 416 3884 unum.
446 3823 502 3884 Hic
529 3823 568 3884 ab
597 3823 725 3886 ineunte
754 3829 846 3885 aetnta
870 3824 902 3884 in
933 3825 1135 3886 Lateranensi
1159 3825 1350 3906 patriarchio
1376 3844 1447 3888 cum
1474 3827 1602 3907 proprio
1625 3829 1747 3891 seniore
1772 3849 1923 3910 germano

304 3930 477 4010 Stephano,
506 3929 735 4010 praedecessore
763 3930 831 4010 ejus
858 3931 1016 4010 pontifice,
1048 3949 1104 4011 pro
1131 3931 1307 3994 eruditione
1336 3931 1552 3994 ecclesiasticae
1586 3933 1762 4016 disciplinae
1792 3938 1923 4002 traditus

304 4043 351 4099 est
379 4035 574 4116 temporibus
601 4035 709 4096 domni
745 4037 886 4117 Gregorii
924 4035 1052 4100 secundi
1086 4036 1222 4116 junioris
1260 4037 1437 4118 pontificis;
1468 4044 1500 4102 et
1528 4041 1731 4119 postmodum
1759 4061 1781 4104 a
1808 4043 1922 4106 domno

261 4143 453 4204 atrebaris
482 4141 662 4204 beatissimo
693 4161 776 4224 papa
803 4143 835 4203 in
864 4143 1000 4204 diaconii
1029 4144 1139 4206 ordine
1167 4145 1287 4226 pariter
1315 4163 1385 4205 cum
1416 4145 1555 4207 antefato
1572 4165 1640 4208 suc
1670 4165 1825 4228 germano
1851 4170 1922 4214 con·

303 4257 443 4313 sacratus
470 4255 528 4311 cst.
558 4251 636 4310 Nam
666 4250 740 4310 dum
768 4249 866 4312 isdem
893 4249 961 4329 ejus
997 4269 1167 4330 gerinanus
1201 4257 1232 4314 et
1272 4258 1450 4314 antecessor
1488 4253 1632 4332 pontifex
1672 4255 1712 4315 ad
1749 4263 1922 4320 extremum

301 4357 494 4438 pertingeret
520 4357 604 4430 ritae,
632 4355 716 4417 illico
745 4362 776 4418 et
805 4355 941 4437 populus
969 4375 1040 4418 cum
1070 4376 1107 4419 co
1136 4356 1231 4438 hujus
1259 4360 1409 4420 ltomanae
1448 4358 1534 4420 urbis
1573 4359 1690 4421 divisus
1719 4367 1778 4436 est,
1808 4369 1842 4424 et
1873 4363 1923 4425 alii
2011 4403 2012 4406 =

301 4483 370 4524 cum
400 4461 638 4544 Tlicopliylaeto
675 4461 896 4524 archidiacono
925 4469 1078 4538 tenentes,
1106 4463 1139 4524 in
1178 4464 1245 4543 ejus
1285 4465 1380 4528 domo
1418 4465 1600 4545 congregati
1641 4467 1833 4530 residebant.
1867 4471 1923 4531 Alii
2011 4479 2012 4495 ¹

303 4585 376 4632 rcro
406 4570 517 4631 ridem‘
538 4569 718 4631 beatissimo
743 4569 979 4633 concordabant
1005 4570 1103 4633 Paulo
1131 4571 1282 4644 Diacouo,
1315 4571 1452 4651 plurima
1482 4590 1556 4652 pars
1580 4571 1726 4652 judicum
1755 4581 1788 4636 et
1815 4577 1923 4656 populi

242 4679 279 4739 {0
301 4695 371 4738 cum
401 4696 438 4738 eo
467 4681 620 4752 tenentes,
651 4695 845 4756 quamcum
874 4677 1023 4756 praedicto
1052 4676 1291 4758 'flrcopbylacto
1319 4677 1552 4740 archidiacono.
1579 4679 1648 4758 lpse
1685 4699 1762 4742 vero
1795 4683 1922 4744 sanctis-

303 4782 401 4844 simus
425 4783 471 4843 vir
504 4801 703 4865 nequaquam
733 4802 753 4844 a
783 4783 983 4844 lateranensi
1022 4785 1214 4866 patriarchio
1253 4784 1390 4859 recessit,
1421 4785 1476 4846 sed
1515 4803 1586 4846 cum
1625 4788 1747 4848 caeteris
1782 4787 1922 4850 fidelibus

301 4906 357 4947 suo
386 4890 553 4966 aegrotanti
580 4909 732 4968 germano
760 4897 792 4952 et
818 4890 1040 4970 predecessori
1068 4891 1209 4971 pontifici
1239 4897 1477 4971 perseveranter
1501 4891 1726 4955 famulabatur.
1753 4897 1837 4957 Dum
1853 4913 1922 4958 vero

300 4993 338 5052 de
368 4993 426 5052 trac
455 4996 518 5055 rita
547 4997 714 5075 pradictus
738 4996 806 5076 ejus
833 5015 1004 5077 germanus
1031 5003 1062 5059 et
1091 4999 1305 5078 praedecessor
1334 4997 1476 5078 pontifex
1507 4999 1683 5079 migrasset,
1715 5017 1818 5082 coque
1856 5021 1922 5064 cum

298 5098 419 5175 ingenti
448 5099 566 5162 bonore
595 5103 626 5163 in
657 5103 785 5165 basilica
821 5104 904 5166 beati
936 5105 1022 5167 Petri
1057 5106 1192 5186 sepulto,
1224 5105 1373 5166 continuo
1411 5103 1521 5166 eadem
1560 5107 1669 5187 populi
1705 5111 1923 5190 congregatio,

239 5205 277 5266 {5
298 5223 370 5284 quae
398 5223 468 5265 cum
498 5210 647 5286 saepefato
677 5211 856 5272 beatissimo
886 5213 986 5273 Paulo
1014 5219 1089 5274 tuuc
1118 5213 1251 5274 diacono
1281 5211 1419 5285 tenebat,
1451 5213 1601 5292 quoniam
1631 5213 1767 5276 validior
1802 5223 1835 5278 ct
1863 5217 1924 5279 for-

299 5312 361 5372 tior
389 5316 466 5384 erat,
496 5331 568 5374 eum
610 5315 641 5376 in
686 5317 886 5396 pontificatus
924 5318 1048 5380 culmen
1091 5319 1266 5399 elegerunt.
1295 5321 1372 5380 Post
1406 5318 1474 5380 brec
1513 5317 1547 5380 hi
1584 5321 1639 5401 qui
1681 5339 1753 5382 cum
1794 5325 1925 5404 prealato

300 5417 523 5482 archidiacono
550 5423 714 5502 aggregati
743 5430 843 5498 erant,
875 5425 1006 5502 dispcrsi
1035 5431 1118 5486 sunt.
1148 5427 1187 5487 nt
1214 5425 1258 5486 ita
1287 5427 1351 5486 Deo
1382 5430 1542 5487 annuente
1575 5427 1675 5489 isdem
1709 5429 1926 5492 sanctissimus

297 5525 345 5588 vir
372 5525 405 5588 in
434 5527 640 5606 apostolicam
668 5529 755 5592 beati
782 5531 867 5592 Petri
894 5532 1137 5594 sacratissimam
1166 5533 1272 5594 sedem
1301 5537 1501 5594 consecratus
1530 5535 1673 5614 pontifex
1702 5540 1762 5598 est.

339 5657 421 5711 m
444 5650 514 5712 Fuit
541 5657 646 5716 autern
676 5651 871 5734 temporibus
897 5655 1095 5718 Constantini
1129 5661 1160 5718 et
1195 5656 1307 5718 Leonis
1343 5656 1584 5740 imperatorum¹
1613 5659 1690 5724 Erat
1725 5657 1813 5724 enim
1843 5661 1927 5724 mitis

299 5759 393 5835 atque
421 5757 513 5822 valde
542 5760 729 5836 misericors,
762 5759 839 5822 nulli
870 5777 1008 5841 unquam
1038 5761 1154 5826 malum
1183 5781 1241 5844 pro
1271 5761 1354 5825 malo
1393 5761 1539 5827 reddens.
1569 5765 1609 5828 m
1646 5763 1673 5827 si
1705 5783 1764 5846 pro
1803 5766 1927 5830 modico
