4036 6164
262 219 321 288 331.
834 219 1041 282 ANASTASll
1065 217 1393 284 ulsstclouflscaull.
1887 231 1943 312 iffi

262 361 313 412 eta
328 349 578 424 catholicamque
589 346 754 423 apostolieae
770 351 1088 418 Ecclesiae,etrevarec-
1103 352 1131 420 A
1146 355 1219 408 trem
1230 369 1294 410 esse
1309 351 1455 410 dicimus:
1468 351 1531 408 Nen
1547 350 1618 425 quia
1628 349 1704 412 Deus
1717 353 1838 418 Verbum
1847 361 1942 434 prinei.

165 455 169 460 ·
262 424 377 484 dissimi
396 422 632 480 archimandrite
652 427 821 480 sanctorum
843 423 1088 480 monasteriorum
1166 423 1227 478 ium
1242 441 1277 479 cx
1291 425 1356 496 ipsa
1370 423 1539 496 sumpserit,
1552 424 1603 480 sed
1619 425 1687 506 quia
1701 425 1730 482 in
1741 426 1943 494 ultimisdiehus

260 499 418 569 sequentes
432 493 624 550 Sanctitatcm
638 497 807 561 vestram,et
822 495 1020 550 custodientes
1031 499 1088 550 sta·
1142 441 1293 550 gescendit
1304 496 1339 550 de
1354 494 1445 562 coelis,
1461 499 1490 551 et
1505 512 1540 551 ea
1554 494 1619 568 ipsa
1633 501 1807 568 incarnatus,
1822 505 1849 558 et
1865 502 1940 568 home

259 571 366 634 tum,et
382 564 525 622 unitatem
536 569 704 622 sanctarum
720 564 770 621 Dei
786 565 1086 638 declesiarum,quem
1142 566 1247 634 sactus,
1260 570 1289 622 et
1304 569 1392 623 natus
1406 569 1484 622 est...
1502 564 1584 624 Sicut
1599 572 1695 624 vestra
1708 569 1859 642 apostolica
1872 575 1943 634 sedas

259 637 370 700 habent
385 637 420 693 ab
435 634 595 710 apostolica
611 641 712 694 vestra
729 637 893 692 sanctitatis
916 639 995 702 sede,
1013 636 1086 692 nihil
1141 635 1234 704 decet,
1247 637 1334 710 atque
1349 637 1498 710 predicat.
1515 637 1597 694 Unde
1613 640 1825 712 properavimus
1849 643 1897 702 hoc
1911 649 1940 706 ad

259 707 378 783 penitus
392 709 584 764 immutantes
599 707 634 764 de
649 707 847 764 ecclesiastice
863 711 953 776 stetu,
970 708 1019 780 qui
1031 707 1086 764 ha·
1141 707 1274 763 notitiam
1291 709 1395 765 reterre
1405 712 1508 764 vestra
1520 709 1684 766 sanctitatis
1700 728 1751 784 per
1765 711 1906 786 Hypatium
1918 723 1941 775 et

259 785 362 838 etenim
376 779 513 846 obtinuit,
525 782 554 835 et
568 779 689 846 obtinet,
703 796 760 835 une
776 795 921 835 consensu
944 781 1086 834 confiten-
1141 778 1320 835 Demetrium
1336 779 1594 838 reverendissimos
1604 779 1764 866 episcopos,
1780 789 1811 839 ut
1829 801 1876 842 nec
1888 805 1942 845 ves·

258 851 482 922 tur,Dominum
499 849 533 906 N.
549 850 576 906 J.
588 850 618 907 C.
630 854 697 906 ante
714 850 820 906 seacula
835 855 863 906 et
878 850 941 906 sine
954 855 1085 922 tempere
1140 855 1214 906 tram
1231 850 1417 906 sanctitatem
1431 851 1532 920 lateat,
1547 869 1611 924 qua
1627 869 1644 908 a
1665 854 1837 925 qmbusdam
1853 860 1942 939 paucis

258 924 293 979 de
309 921 393 979 Patre
409 926 521 990 natum,
539 921 569 976 in
586 921 697 977 ultimis
719 921 823 977 diebus
849 922 1034 978 descendisse
1050 922 1086 978 de
1141 921 1293 978 monachis
1308 921 1384 979 male
1399 926 1427 978 et
1437 922 1556 994 judaice
1566 924 1728 982 secundum
1743 925 1859 983 Nestorii
1872 933 1944 1002 pert·

258 991 356 1062 coelis,
371 997 400 1050 et
414 994 601 1050 incarnatum
617 994 652 1048 de
667 993 696 1048 S.
713 992 831 1064 Spiritu,
841 997 870 1048 et
885 998 984 1050 sancta
997 997 1085 1065 atque
1141 993 1219 1048 diam
1235 994 1378 1066 denegata
1393 999 1472 1050 sunt.
1490 1015 1504 1044 s
1884 995 1887 1002 ’

278 1063 385 1122 loriosa
395 1063 525 1138 Virgine,
542 1069 571 1122 et
584 1063 636 1120 Dei
650 1063 795 1120 Genitrice
812 1064 903 1120 Maria
927 1068 1042 1132 netum,
1057 1069 1085 1120 at
1176 1063 1305 1120 Pontifex
1320 1063 1478 1121 declaravit
1493 1064 1684 1122 orthodoxam
1704 1065 1866 1138 hujusmodi
1929 1105 1941 1117 -

257 1080 407 1198 §ominem
423 1135 775 1202 lactum;etcrucis1xum
789 1152 883 1192 unum
898 1151 962 1192 esse
977 1139 1085 1192 sanctes
1139 1135 1296 1191 sessionem
1311 1135 1378 1192 fidei
1402 1137 1438 1192 ab
1463 1135 1638 1219 imperatore
1662 1139 1870 1198 transmissam.
1883 1089 1941 1201 eila

257 1205 955 1268 atmnaehstantialisTrinitatis...1deoetS.at
977 1224 1013 1263 uc
1042 1206 1085 1262 le·
1139 1206 1292 1279 sequentia
1306 1205 1336 1262 in
1350 1207 1427 1264 netis
1443 1211 1523 1282 Pegn
1540 1207 1577 1264 ad
1601 1207 1677 1266 hane
1702 1213 1771 1266 sect.
1792 1215 1820 1270 et
1838 1209 1906 1271 intra
1917 1215 1944 1274 in

257 1275 366 1338 riosam
378 1278 528 1353 Virginem
544 1277 668 1335 Mariam
684 1278 800 1353 proprie
814 1282 843 1335 et
863 1295 930 1336 vere
954 1225 1004 1335 ssej
1021 1223 1084 1334 fig.
1139 1279 1275 1352 Agapeto.

829 1592 913 1664 LlX.
944 1591 1135 1664 SANCTUS
1162 1591 1403 1664 AGAPElUS.

660 1755 741 1804 snae
762 1756 883 1804 cnarsrr
904 1740 975 1814 535,
996 1755 1165 1804 resrrnmnr
1189 1742 1219 1819 9,
1243 1757 1398 1805 rsaeesrr
1420 1757 1506 1804 nscrs
1527 1744 1558 1802 ἓ.

375 2013 428 2067 01
451 2004 615 2086 Agnpitru,
640 2001 768 2063 natione
790 2003 962 2074 Romanus,
984 2019 1023 2063 ex
1046 2007 1134 2081 patre
1166 2001 1324 2064 Gordiano
1346 2001 1542 2083 presbytero,
1567 1999 1703 2064 clericum
1733 1999 1774 2066 ad
1799 2001 1832 2066 S.
1859 2001 1939 2066 Jecu-

233 2174 238 2184 ,
335 2129 408 2174 nem
429 2115 460 2173 et
480 2109 630 2182 Paulum,
654 2106 736 2168 sedit
757 2125 879 2169 menses
902 2108 950 2182 ll,
975 2106 1042 2169 dies
1063 2107 1113 2168 18.
1136 2107 1178 2190 (a)
1201 2108 1257 2170 llic
1278 2113 1349 2169 ertu
1372 2107 1572 2188 episcopatus
1593 2107 1643 2168 sui
1674 2106 1796 2172 libellos
1825 2107 1938 2170 anatha·

335 2218 440 2292 matis,
456 2233 537 2297 ques
557 2214 686 2278 invidiae
706 2213 780 2275 delo
801 2219 977 2276 extorserat
998 2214 1179 2276 Bonilacius
1200 2215 1402 2295 presbyteris,
1424 2221 1455 2277 et
1488 2214 1645 2295 episeopis
1674 2220 1786 2278 centra
1811 2233 1939 2290 careum,

279 2337 282 2346 ’
335 2332 366 2388 et
386 2329 496 2387 centra
528 2322 714 2384 Dioscorum
745 2319 777 2380 in
814 2320 918 2382 medie
949 2320 1095 2382 Ecclesiae
1126 2320 1325 2400 congregatis
1355 2321 1502 2382 omnibus
1523 2319 1673 2383 incendio
1700 2322 1894 2403 consumpsit,
1913 2326 1937 2383 ct

294 2430 470 2494 dabselvit
495 2433 600 2516 'totam
635 2426 807 2490 Ecclesiam
844 2427 884 2487 de
917 2427 1036 2488 invidia
1070 2426 1262 2507 perfidorum
1285 2426 1326 2509 (b)
1349 2428 1404 2490 llic
1441 2428 1553 2491 missus
1584 2432 1632 2490 est
1655 2447 1673 2490 a
1695 2427 1853 2492 theodate
1879 2447 1937 2508 regu

268 2619 271 2624 1
334 2537 509 2604 Gothorum
545 2535 585 2597 ad
617 2535 768 2596 domnum
803 2533 1018 2596 lastinianum
1055 2537 1229 2614 Augustum
1261 2534 1293 2594 in
1326 2534 1529 2614 legationem,
1563 2535 1638 2616 quia
1673 2534 1783 2598 eodem
1817 2542 1937 2618 tempora

333 2647 469 2708 dornnus
488 2643 686 2707 Justinianus
721 2641 892 2720 imperator
925 2641 1085 2719 Augustus
1115 2641 1297 2720 indignatus
1327 2646 1374 2702 cst
1403 2640 1567 2704 'theodato
1599 2641 1680 2722 regi,
1704 2662 1740 2704 eo
1772 2641 1936 2724 quedecri-

333 2752 433 2816 disset
451 2749 597 2832 reginam
619 2745 871 2809 Amalasintham
899 2745 939 2828 (c)
961 2747 1058 2807 tiliam
1088 2746 1277 2810 Theoderici
1305 2747 1386 2827 regis
1419 2748 1676 2811 commendatam
1708 2749 1777 2826 sibi,
1799 2749 1849 2832 qui
1878 2765 1936 2810 eun

336 2877 442 2938 regem
463 2858 594 2919 fecerat.
1289 2913 1298 2932 ,
1867 2839 1871 2846 ’

374 2971 430 3027 0⁸
454 2963 514 3038 Oui
547 2981 622 3025 vere
656 2961 811 3041 Agapitus
845 2959 1020 3022 ambulavit
1049 2960 1353 3041 Constantinopolim
1385 2960 1558 3023 xllalend.
1582 2961 1668 3038 ltlaii,
1693 2961 1845 3043 ingressus
1871 2963 1936 3024 Cen·

334 3068 587 3150 stantinepelim,
625 3073 657 3129 et
691 3072 856 3146 susceptos
894 3071 942 3128 est
975 3065 1130 3147 agapitus
1163 3066 1330 3147 episcopus
1364 3085 1435 3129 aum
1470 3067 1582 3148 gloria.
1620 3069 1663 3132 Et
1698 3068 1829 3151 primum
1860 3067 1937 3148 cepit

334 3174 454 3238 habore
490 3173 727 3238 altercationem
773 3190 844 3233 cum
883 3171 1024 3252 piissime
1060 3171 1202 3252 principe
1235 3173 1414 3235 iustiniane
1456 3175 1598 3254 Auguste
1634 3175 1676 3237 da
1710 3175 1863 3257 religione.
1892 3171 1937 3239 dul
1982 3181 1983 3184 ’

328 3280 535 3344 beatissimus
555 3279 708 3360 agapitus
731 3276 897 3359 episeopus
932 3277 1195 3340 constantissimae
1230 3277 1303 3340 fidei
1338 3280 1554 3361 apestolorum
1590 3299 1777 3363 responsum
1812 3277 1936 3352 reddidit.
1981 3279 1982 3286 ’

293 3389 443 3453 idicens
465 3405 472 3448 :
496 3385 664 3450 Dominum
700 3391 842 3447 nestrum
880 3385 987 3448 lesem
1020 3383 1178 3445 Christum
1215 3386 1314 3445 Deum
1350 3385 1575 3448 etvheminem
1608 3405 1691 3464 esse,
1714 3388 1774 3450 heo
1801 3392 1845 3450 est
1872 3385 1935 3446 duas
1979 3469 1980 3472 Ἴ

334 3501 465 3558 catenas
495 3512 562 3556 essa
595 3492 628 3554 in
659 3511 724 3554 une
754 3491 899 3564 Christe;
922 3496 954 3554 et
983 3491 1058 3552 dum
1091 3491 1252 3554 cententio
1285 3497 1458 3553 verteretur
1478 3491 1535 3574 (d),
1558 3494 1603 3556 ita
1624 3495 1777 3557 Dominus
1802 3493 1935 3566 alluit,ut

333 3602 516 3683 episcopum
552 3597 940 3679 constantinopolitanum
988 3597 1115 3658 nemine
1157 3597 1344 3658 Anthinrum
1381 3598 1538 3661 inveniret
1582 3599 1780 3664 haereticum.
1815 3601 1850 3662 Et
1879 3613 1935 3659 cen
1959 3595 1978 3690 ’1

334 3706 496 3770 contentio
518 3708 692 3767 verteretur
723 3721 793 3764 cum
826 3705 979 3782 Augusto,
1002 3708 1033 3764 et
1061 3703 1197 3782 Agapite
1228 3721 1321 3784 papa,
1347 3701 1408 3765 hoc
1437 3704 1517 3766 dixit
1546 3705 1575 3768 ci
1603 3707 1802 3770 lastinianus
1825 3706 1934 3784 impera
1976 3745 1977 3789 ,

334 3820 385 3880 ter
408 3829 416 3874 ι
439 3817 504 3878 Aut
524 3811 681 3874 censentis
702 3811 807 3882 nobis,
831 3815 886 3872 aut
916 3809 1025 3871 exsilio
1054 3815 1085 3870 te
1115 3809 1274 3890 deportari
1305 3811 1431 3872 faciam.
1460 3813 1549 3873 Tunc
1579 3812 1779 3891 beatissimus
1806 3811 1933 3892 Agapitns
1975 3831 1976 3890 v

275 3923 315 3984 l0
338 3939 422 4002 papa
443 3918 606 4000 respondit
628 3936 699 3980 cum
721 3916 852 3997 gaudie,
874 3916 981 3977 dicens
1012 3917 1053 3976 ad
1082 3916 1305 3995 imperatorem
1329 3934 1336 3976 :
1360 3919 1426 3996 Ege
1457 3919 1584 3998 quidem
1616 3928 1765 4001 peccator
1793 3918 1830 3982 ad
1854 3915 1933 3984 Jnt-
1973 3931 1975 3996 t

334 4028 465 4090 nianum
502 4025 727 4106 imperatorem
759 4021 1061 4085 christianissimum
1097 4021 1204 4083 venire
1238 4023 1414 4084 desideravi
1438 4040 1446 4084 ε
1471 4043 1555 4086 nunc
1589 4033 1697 4088 autem
1733 4024 1931 4088 Diocletianum
1973 4015 1974 4092 l

334 4133 455 4210 inveni,
480 4129 534 4212 eui
557 4136 662 4194 tamen
686 4130 788 4192 minas
810 4136 880 4190 tuas
901 4148 964 4191 nen
988 4128 1185 4208 permitesee.
1210 4131 1248 4190 Et
1269 4129 1349 4190 dixit
1378 4135 1410 4191 et
1439 4129 1553 4192 iterum
1585 4132 1740 4214 agapitus
1774 4125 1931 4194 venerahilis
1972 4109 1973 4191 l

334 4259 449 4326 papa:
472 4243 591 4304 'lamen
615 4245 650 4300 ut
685 4238 765 4300 scias
796 4242 826 4298 te
856 4237 1005 4298 idoneum
1028 4235 1066 4316 (e)
1089 4253 1152 4296 nen
1188 4252 1255 4296 esse
1289 4235 1436 4316 religioni
1471 4235 1670 4313 Christianae,
1693 4239 1851 4320 episcopos
1875 4241 1931 4294 teus
1971 4203 1972 4291 l

333 4349 522 4412 confiteatur
543 4347 623 4409 duas
645 4349 774 4408 naturas
796 4345 827 4406 in
850 4343 986 4406 Christe.
1008 4345 1097 4403 'lune
1119 4360 1157 4404 cx
1179 4350 1339 4422 praecepte
1360 4343 1496 4423 Augusti
1517 4343 1671 4407 accersite
1691 4345 1834 4426 episcope
1852 4341 1929 4408 ΟΜ·

276 4459 314 4518 ld
336 4455 616 4537 tantinepolitano,
630 4453 759 4514 nemine
779 4450 942 4528 anthime,
955 4455 987 4512 et
1008 4448 1200 4512 discussione
1221 4452 1380 4529 patefacta
1401 4449 1439 4532 (s)
1461 4469 1625 4531 nunquam
1646 4452 1747 4515 voluit
1766 4444 1928 4513 confiteriia
1967 4399 1970 4493 l

332 4562 480 4625 doctrina
501 4559 665 4622 catholicas
687 4557 900 4639 responsionis
921 4557 960 4618 ad
981 4556 1261 4635 interrogationem
1284 4557 1367 4620 beati
1390 4575 1481 4638 papae
1502 4557 1642 4640 Agapiti,
1665 4559 1744 4623 duas
1771 4563 1887 4620 naturas
1903 4550 1927 4610 iu
1966 4499 1969 4593 Ι

333 4687 396 4732 une
418 4666 646 4732 Dominolcsc
668 4664 801 4727 Christe.
825 4662 923 4734 Quem
946 4662 1083 4724 convicit
1103 4668 1229 4724 sanctus
1258 4682 1342 4744 papa
1372 4665 1537 4746 Agapitus,
1562 4671 1605 4727 et'
1622 4665 1815 4745 glorificatas
1842 4663 1881 4722 est
1897 4653 1928 4718 ab
1965 4707 1967 4794 4

333 4769 697 4836 mfflmffifflmm

373 4887 431 4942 0⁸
452 4879 541 4944 Tune
562 4877 722 4959 piissimus
741 4876 901 4955 Augustus
927 4873 1124 4937 lastinianus
1158 4875 1274 4956 gaudie
1302 4877 1440 4958 repletus
1476 4877 1661 4940 humiliavit
1683 4897 1718 4940 se
1751 4878 1858 4942 saneta
1875 4863 1927 4929 sed?

331 4985 527 5066 apostolicae,
553 4990 584 5046 ct
614 4983 758 5048 adoravit
787 4982 1003 5045 beatissimum
1034 5001 1150 5062 papam
1179 4982 1363 5062 agapitum.
1390 4984 1509 5046 Eodem
1539 4991 1680 5066 tempera
1714 4981 1803 5062 ejecit
1832 4969 1925 5042 andi·

333 5112 420 5159 mum
454 5111 474 5155 a
509 5091 744 5167 communione,
768 5096 800 5153 et
835 5089 956 5171 expulit
990 5090 1022 5150 in
1059 5089 1214 5150 exsilium.
1248 5091 1337 5151 Tune
1372 5090 1530 5172 piissimos
1565 5095 1725 5171 Augustus
1756 5083 1926 5151 lustiniamt
1962 5151 1963 5168 χ

331 5219 447 5281 rogans
483 5198 699 5262 beatissimum
736 5197 908 5277 Agapitum
942 5215 1072 5277 papam,
1108 5202 1141 5257 et
1175 5197 1207 5256 in
1253 5195 1320 5258 lece
1361 5195 1505 5258 Anthimi
1538 5198 1720 5278 episcopum
1760 5181 1925 5255 enumeravit

292 5305 523 5370 deathelicum
547 5305 673 5368 nemine
696 5305 855 5366 hlennam.
880 5302 919 5384 (p)
943 5304 1001 5376 Oui
1024 5320 1097 5364 vere
1118 5303 1271 5383 Agapilus
1293 5321 1376 5384 papa
1405 5303 1514 5366 omnia
1543 5304 1690 5374 obtinuit,
1713 5321 1750 5364 ex
1771 5317 1831 5382 qua
1848 5303 1923 5356 esest
1960 5359 1961 5398 1

331 5414 468 5477 directus
489 5413 701 5506 luerat-Post
721 5411 789 5472 dies
810 5427 886 5472 vere
908 5408 1088 5488 aliquantes
1110 5409 1297 5488 aegritudine
1323 5415 1500 5474 commotus
1522 5410 1577 5493 (lt),
1600 5411 1767 5479 tlelunctus
1790 5409 1834 5470 est
1859 5399 1921 5466 0⁰11·
1959 5453 1960 5497 ,

840 5560 961 5607 nouum
982 5559 1170 5606 uanulsstss
1192 5560 1351 5619 suaserat.

284 5682 323 5775 (a)
337 5683 428 5740 seren
439 5680 501 5739 vult
516 5697 593 5738 anne
608 5679 724 5738 vixisse.
762 5677 801 5752 (t)
818 5676 881 5734 Vide
896 5676 987 5732 heren
1002 5676 1037 5734 ed
1052 5677 1228 5738 en-nllemini
1241 5677 1305 5733 536.
1352 5681 1387 5748 (e)
1404 5679 1632 5740 Malasuntham.
1678 5667 1919 5754 (d)B,versaretuc
1957 5669 1958 5696 t

248 5753 286 5838 (ρ)
303 5753 355 5832 ts,
371 5759 493 5816 tusum.
532 5751 669 5832 miscis.
709 5751 748 5828 (o)
762 5749 855 5808 Barea
865 5752 963 5824 negat,
978 5763 1037 5806 ann
1050 5749 1114 5806 536.
1153 5747 1233 5826 (tlt),
1250 5753 1410 5828 correptus.
1956 5789 1957 5800 ,
