3998 6158
214 204 280 276 eae
792 198 998 262 nunsvnsii
1020 195 1347 262 BlelOTHliGAltll.
1835 206 1886 270 aaa

220 337 341 412 quidem
353 334 441 392 verbo
455 331 614 392 salutarem
628 331 736 390 volenti
755 331 910 404 adimpleri
931 330 1043 405 passio·
1058 333 1086 402 Α
1100 330 1198 402 prium
1217 330 1315 388 babet.
1333 330 1365 388 In
1385 329 1493 402 quibus
1515 327 1687 416 resopiptum
1701 331 1752 404 ptis

214 425 298 488 ¹nem,
311 405 494 488 humanitate
517 404 663 486 veroejus
678 403 838 460 obsistente
861 405 925 486 ejus
941 402 1044 458 volun·
1101 401 1137 457 ab
1148 403 1212 474 ejus
1223 333 1890 486 mansuetissimasuscepimasfortitutibiuhilhhh

219 479 284 550 tati,
301 483 330 536 et
350 481 513 545 resistente,
530 477 652 550 proinde
675 476 733 532 duo
747 481 894 532 contraria
916 474 1045 531 volentes
1099 473 1190 530 aDeo
1204 475 1432 530 conservandam
1448 491 1512 548 epus
1539 477 1722 532 serenitatem
1745 476 1889 550 condecent,

219 549 392 612 introduci:
430 548 486 604 uod
501 546 627 621 impium
642 551 697 604 est.
1099 545 1307 602 continentem.

257 565 440 697 Impossibiie
475 618 563 692 uippe
578 622 632 686 est,
648 618 679 675 in
695 635 753 676 nno
769 618 929 690 eodemque
944 616 1044 688 subja·
1136 618 1179 672 18.
1193 617 1242 673 llis
1256 617 1348 691 igitur
1363 615 1501 674 omnibus
1516 633 1533 672 a
1547 615 1690 690 principio
1702 615 1893 690 itaprovenien·

221 693 297 754 ocuti
309 695 381 750 duas
392 637 482 748 simhh
492 695 520 746 et
530 707 600 764 erga
608 688 664 746 boc
673 689 772 763 ipsum
780 689 941 746 contrarias
952 687 1046 770 subsi-
1098 687 1190 770 tibus,
1200 687 1372 770 rationabile
1383 687 1471 744 simul
1481 693 1510 745 et
1520 687 1717 744 necessarium
1722 687 1892 760 judicavimus

221 772 298 824 stere
319 761 577 822 voluntates.Nam
607 760 744 818 saluteris
758 760 851 817 Deum
880 763 1044 833 gerentium
1099 757 1268 833 dehisque
1281 763 1388 833 partim
1399 764 1561 816 memorata
1575 761 1654 828 sunt,
1665 759 1892 888 cognitionemds·

221 839 340 896 Petrum
352 834 484 892 doctrina
494 849 586 906 opere
598 831 725 905 pretium
735 831 961 904 instituit,quod
972 847 1045 885 nuri·
1099 847 1129 887 re
1143 835 1245 888 vestrae
1260 830 1445 900 fraternitati,
1458 836 1547 904 atque
1556 829 1687 887 unanimi
1718 831 1866 890 eatitudini.

221 925 309 993 quam
324 904 560 964 intellectualiter
574 903 705 960 animata
714 903 831 960 Domini
846 919 913 960 caro
927 918 1043 975 separa·
1135 903 1178 959 16.
1196 903 1249 959 Per
1277 902 1455 975 exemplaria
1483 909 1547 975 qua
1562 919 1579 959 a
1594 901 1678 959 nobis
1703 902 1806 960 directa
1830 909 1894 973 sunt,

220 986 285 1050 tim,
296 984 325 1037 et
338 995 373 1036 eir
393 975 524 1050 appetitu
548 974 834 1058 proprio,contrario
858 973 944 1030 nutui
969 972 1045 1030 uniti
1099 979 1129 1031 et
1152 972 1343 1031 adhortamur
1364 991 1425 1046 vos,
1443 973 1645 1046 sacratissimi,
1665 971 1725 1030 bec
1752 973 1841 1032 omnia
1862 973 1895 1032 le·

221 1051 278 1110 sibi
292 1050 454 1108 secundum
475 1046 697 1104 subsistentiam
712 1046 764 1103 Dei
778 1046 859 1102 verbi
880 1044 1044 1102 naturalem
1098 1062 1176 1120 gere.

221 1127 335 1181 motuni
351 1138 437 1178 suum
466 1117 570 1188 effecit,
587 1119 638 1176 sed
668 1118 795 1192 quando,
821 1121 850 1174 et
875 1116 1001 1190 qualem,
1017 1119 1046 1172 et
1135 1117 1230 1190 (Nota,
1254 1115 1354 1199 lector,
1371 1115 1449 1188 quod
1465 1131 1498 1172 ex
1513 1113 1632 1172 lionorii
1646 1113 1767 1188 epistola
1793 1119 1896 1189 consta,

243 1199 361 1252 nautam
377 1193 440 1266 ipse
454 1191 531 1248 Deus
545 1191 666 1246 verbum
681 1189 796 1246 volebat
807 1205 814 1245 ε
827 1192 856 1244 et
870 1191 914 1258 (ut
929 1187 1045 1261 plenius
1100 1187 1234 1272 Sergium
1244 1205 1302 1244 non
1313 1187 1431 1245 misisse
1441 1185 1618 1261 exemplaria
1627 1185 1802 1259 pluraquam
1812 1203 1896 1258 unuin,
1967 1223 1968 1228 κ

221 1212 345 1338 dicatur)
357 1262 606 1337 quemadmodum
616 1277 722 1343 corpus
735 1266 869 1317 nostrum
885 1260 1005 1333 regitur,
1018 1263 1046 1315 et
1100 1260 1281 1333 proindeque
1296 1259 1326 1315 in
1340 1276 1408 1316 vera
1431 1258 1525 1333 Sergii
1543 1257 1669 1332 epistola
1689 1257 1745 1330 legi
1767 1257 1844 1316 debet
1855 1259 1898 1317 boc

221 1337 374 1395 ordinatur
387 1339 416 1392 et
431 1332 596 1408 disponitur
611 1333 647 1390 ab
663 1331 853 1389 intellectuali
868 1335 897 1388 et
911 1329 1046 1388 rationali
1101 1332 1187 1388 modo
1201 1349 1207 1387 :
1223 1333 1278 1388 Per
1291 1331 1432 1404 caecator
1445 1330 1516 1404 quod
1530 1347 1547 1386 a
1559 1329 1639 1388 achis
1653 1329 1688 1386 ad
1699 1328 1852 1402 praeatum
1862 1331 1898 1388 So

221 1409 321 1466 anima
331 1411 441 1474 nostra,
454 1405 495 1462 ita
505 1409 534 1462 et
543 1403 572 1460 in
583 1404 707 1462 Domino
718 1401 833 1460 Christo
846 1407 907 1460 tota
917 1401 1047 1459 humans
1098 1405 1247 1476 phaceiam
1259 1402 1393 1460 directum
1406 1409 1445 1458 est
1470 1410 1496 1459 et
1510 1400 1690 1460 adhortamur
1703 1415 1757 1469 coe,
1771 1403 1898 1460 amrami-

221 1481 286 1552 cjus
300 1475 468 1553 conspersio
485 1477 521 1532 ab
545 1473 639 1549 ipsius
654 1475 740 1531 Verbi
757 1475 864 1531 deitate
887 1491 950 1530 sem
971 1490 1003 1530 er
1015 1473 1045 1530 in
1099 1475 1150 1543 mi,
1164 1475 1224 1532 liaec
1238 1476 1332 1531 mania
1346 1474 1443 1544 tepere.

222 1549 360 1608 omnibus
376 1555 465 1618 mota,
482 1547 532 1604 Dei
548 1547 666 1604 mobilis
682 1551 753 1617 erat,
767 1547 929 1603 secundum
944 1491 1047 1619 liysse·
1109 1551 1111 1556 ’
1134 1547 1180 1602 20.
1191 1547 1226 1602 llt
1240 1545 1298 1602 Deo
1322 1544 1460 1619 placitam
1475 1560 1508 1601 sc
1524 1539 1728 1616 plenissimam
1751 1541 1898 1601 charitatem

221 1640 293 1680 auin
309 1619 492 1695 Gregorium,
503 1619 649 1675 dicentem
668 1623 771 1674 contra
789 1617 965 1675 Dnncmium
980 1618 1044 1674 ita:
1100 1635 1164 1691 qua
1180 1617 1210 1674 in
1224 1617 1317 1686 vobis,
1334 1633 1413 1674 nunc
1428 1633 1543 1700 qaoque
1565 1618 1722 1688 sequentes
1735 1614 1760 1672 si
1774 1613 1899 1687 quidam·

221 1695 390 1752 Secundam
405 1691 483 1764 quod
499 1690 577 1748 Deus
590 1695 653 1773 erat
667 1687 769 1758 Filius,
784 1687 976 1772 impassibilis
990 1687 1044 1745 ati·
1060 1710 1084 1776 B
1121 1689 1188 1758 lius,
1202 1687 1335 1745 minusve
1357 1687 1536 1757 inveneritis,
1552 1686 1607 1744 boo
1621 1687 1785 1760 pardalem
1805 1687 1899 1745 vobisc

221 1782 279 1838 que
292 1769 338 1822 est
352 1769 381 1821 et
400 1761 586 1818 immortalis.
598 1762 628 1820 Si
664 1778 702 1818 ua
725 1766 824 1818 autem
847 1777 947 1833 passio
962 1760 997 1816 de
1012 1776 1045 1816 eo
1099 1707 1157 1818 sseo
1172 1759 1298 1834 gratiam
1313 1759 1485 1833 adimplere,
1496 1763 1582 1832 atque
1593 1773 1651 1884 per
1664 1761 1780 1816 sanctae
1793 1755 1899 1832 syllabas

221 1838 252 1894 in
274 1833 429 1917 Evangelio
452 1833 634 1905 dicitur,per
682 1832 876 1889 amenitatem
906 1831 1044 1905 pmfeotc,
1099 1836 1211 1889 vestras
1226 1849 1286 1888 aaa
1300 1847 1368 1888 cum
1382 1835 1479 1889 vestra
1493 1829 1614 1903 optabii
1634 1829 1784 1912 sospitate,
1799 1845 1900 1903 quaque

243 1924 285 1963 uae
295 1905 474 1978 suscipiebat
481 1903 836 1976 passionem,bajusmodi
843 1906 1044 1976 operatusest.
1099 1901 1248 1977 superbis
1263 1902 1346 1961 vobis
1360 1901 1469 1960 luerint
1483 1901 1599 1974 placita,
1612 1901 1786 1976 significare.

222 1925 367 2051 hperatur
381 1975 488 2057 qnippe
502 1991 568 2032 vere
581 1975 680 2032 Deitas
696 1991 747 2048 per
756 1975 958 2058 cprpnaquod
969 1974 1046 2056 circa
1313 2015 1530 2076 RESPONSUM
1550 2015 1704 2074 HONORH

220 2050 320 2123 ipsum
336 2052 390 2114 est,
402 2063 534 2103 omnium
558 2046 740 2113 salutemet
754 2051 793 2103 sit
814 2063 910 2104 carnis
926 2047 1044 2119 quidem
1706 2059 1714 2074 ·

220 2119 329 2196 passis,
342 2119 392 2175 Dei
408 2121 506 2174 autem
521 2135 537 2172 o
559 2117 659 2173 eratio.
1135 2117 1161 2172 l.
1178 2113 1293 2190 Scripta
1307 2114 1501 2172 fraternitatis
1514 2118 1616 2172 vestra
1631 2113 1823 2188 suscepimus.

257 2191 337 2249 Hanc
361 2189 452 2262 igitur
465 2192 510 2258 (ut
533 2134 644 2244 dictum
668 2192 713 2244 est
733 2187 948 2245 contentionem
972 2187 1045 2244 inci·
1133 2191 1161 2245 2.
1178 2187 1232 2244 Per
1246 2205 1309 2260 que
1325 2185 1518 2256 inventiones,
1529 2190 1559 2243 et
1573 2185 1901 2259 novasvocumquestio·

221 2259 1045 2405 severissimae·eivitatiellalaia
1099 2257 1900 2404 tiveaeiereletvtiretrilaterae

221 2404 358 2462 definitas
382 2419 443 2460 seni
466 2419 498 2459 er
511 2402 645 2476 sequi,et
668 2419 764 2475 neque
777 2419 841 2474 que
866 2418 930 2458 raro
946 2418 964 2457 a
978 2401 1045 2475 qni·
1099 2371 1372 2476 Hierosolymitanae’
1388 2401 1470 2458 urbis
1495 2401 1899 2469 constitutumadversuslra-

222 2476 348 2534 busdam
364 2419 499 2532 Potrihus
514 2473 591 2530 dicta
608 2475 688 2530 sunt.
704 2479 733 2529 et
747 2489 806 2529 non
820 2473 898 2556 circa
921 2472 982 2529 bec
997 2473 1044 2530 in·
1098 2477 1174 2530 trem
1188 2476 1323 2530 nostrum
1335 2473 1443 2546 Cyrum
1456 2471 1636 2530 Alexandria
1654 2471 1900 2540 antistitem,uuain

221 2548 382 2606 tentionem
393 2536 668 2618 habentibus‚quasi
676 2543 794 2618 planam
806 2549 834 2602 ct
843 2543 1044 2618 inambiguam
1099 2545 1298 2619 operationem
1313 2542 1430 2600 Domini
1454 2543 1546 2601 nostri
1568 2545 1640 2602 lesu
1657 2544 1764 2603 Christi
1778 2544 1901 2602 convomit

222 2621 259 2678 de
269 2619 315 2676 eis
329 2617 492 2675 doctrinam
504 2623 691 2691 exponerent,
707 2617 742 2672 nd
762 2615 893 2690 regulam
909 2621 937 2672 et
951 2616 1044 2744 legem
1099 2633 1134 2674 eii
1147 2615 1250 2672 haeresi
1265 2615 1483 2688 predicantem.

222 2709 274 2765 per
288 2690 386 2747 omnin
401 2689 596 2763 dogmaticam
608 2687 848 2760 reducere,quale
862 2691 975 2760 estque
1009 2688 1046 2744 de
1133 2688 1161 2744 3.
1173 2687 1227 2754 Oui
1241 2687 1367 2761 denique
1383 2688 1419 2746 ad
1430 2690 1556 2744 vestram
1570 2687 1784 2744 fraternitatem
1796 2683 1899 2758 Sophro-

215 2779 282 2820 ¹una
291 2761 460 2836 operatione
470 2761 506 2818 ab
517 2760 560 2818 eis
569 2760 681 2818 dictum
691 2763 746 2826 est,
757 2775 793 2816 ae
815 2777 851 2816 ue
861 2760 1045 2832 iterumque
1098 2759 1166 2816 nius
1188 2757 1318 2827 veniens,
1330 2757 1539 2832 querelamque
1566 2758 1741 2818 hu’usmodi
1765 2759 1899 2831 deponens,

222 2833 391 2916 nallatenus
406 2833 562 2889 dictasunt
573 2851 590 2889 a
599 2776 955 2906 probabilibuquatribus,
967 2847 1045 2914 nanc
1099 2829 1318 2888 multiformiter
1333 2830 1476 2902 eruditus,
1509 2830 1576 2913 ⁸etiit
1599 2775 1635 2912 ih⁰
1662 2829 1721 2900 bis,
1735 2847 1796 2903 que
1810 2827 1900 2910 evehis

220 2923 288 2967 vero
303 2922 320 2961 a
335 2904 513 2978 quibusdam
538 2905 675 2961 Patribus
688 2903 885 2976 proferuntur,
899 2903 983 2985 duas,
1000 2920 1045 2958 in·
1097 2901 1192 2959 iuerat
1202 2903 1377 2984 instructus,
1388 2848 1575 2978 paginahhbus
1585 2901 1644 2958 sibi
1658 2900 1779 2975 syllabis
1789 2916 1899 2982 reserari.

221 2993 322 3051 quam,
333 2975 516 3050 operationes
531 2981 673 3048 tanquam
692 2975 801 3048 dogma
814 2974 1045 3031 ecclesiasticum
1134 2976 1160 3030 l.
1177 2975 1306 3040 Quarum
1330 2973 1494 3030 litterarum
1509 2973 1546 3030 ad
1564 2973 1706 3030 eumdem
1731 2971 1901 3045 sophronium

221 3049 360 3123 prolerre.
473 3117 478 3129 1
649 3116 654 3127 Ι
844 3115 850 3128 ι
1059 3045 1276 3152 Cdirectarum
1287 3044 1480 3118 suscipientes
1490 3044 1649 3118 exemplar,
1659 3049 1689 3102 et
1698 3044 1837 3101 intuentes
1846 3040 1901 3124 sati

258 3121 301 3176 l5.
319 3119 354 3174 llt
367 3118 404 3174 ad
425 3117 565 3174 ultimum
590 3119 670 3173 stetit
698 3132 732 3173 ac
755 3115 876 3188 placuit,
901 3117 1044 3188 quotenus
1100 3115 1903 3190 providecircumspectequefraternitatemvestrnmecre

221 3188 379 3264 predictus
394 3187 577 3260 Sophronias
595 3187 780 3254 venerabilis,
796 3185 911 3243 nullum
935 3203 1045 3244 sermo·
1099 3188 1206 3261 psisse,
1220 3187 1388 3255 laudemus,
1403 3187 1562 3244 novitatem
1582 3187 1722 3246 vocabuli
1736 3187 1901 3251 artemam,

142 3261 148 3270 '
222 3277 289 3318 nem
299 3261 335 3317 de
345 3259 491 3316 oeterode
501 3257 977 3332 unasiveduabusoperationibus
987 3276 1048 3316 mo·
1100 3260 1178 3333 quad
1214 3263 1291 3316 osset
1307 3257 1480 3316 scandalum
1495 3258 1686 3332 simplicibus
1701 3273 1840 3334 generare.

221 3348 288 3390 vere
297 3331 468 3398 debeat,aed
477 3332 503 3388 ei
514 3329 641 3388 sufficiat
650 3331 968 3404 prefatacautaqueac
977 3331 1047 3388 trita
1134 3332 1162 3388 5.
1204 3348 1237 3387 os
1252 3331 1330 3386 enim
1354 3329 1384 3386 in
1400 3346 1457 3403 qao
1493 3329 1674 3398 ervenimus,
1690 3334 1802 3404 oportet
1822 3327 1903 3386 amba·

220 3408 393 3471 sanctorum
404 3403 524 3460 Petrum
533 3407 612 3460 recta
626 3401 744 3460 traditio
757 3400 996 3475 atquedoctrina.
1100 3401 1171 3459 lare.
1187 3401 1271 3458 Dniin
1292 3419 1369 3470 vem,
1386 3403 1460 3458 duce
1507 3419 1551 3470 eo,
1568 3401 1759 3476 pervenimus
1781 3415 1863 3472 usqae
1875 3397 1902 3453 ad

258 3477 301 3532 io.
320 3476 369 3533 llis
384 3475 483 3548 itaque
496 3479 651 3531 contentus
664 3489 739 3546 sepe
752 3472 1047 3531 nominatusvenera-
1101 3490 1270 3530 mensuram
1286 3477 1369 3531 recte
1386 3473 1463 3541 adei,
1475 3490 1566 3546 quam
1577 3468 1904 3546 apostoliveritatisScri·

221 3545 290 3602 bilis
304 3545 357 3615 vir,
373 3551 402 3602 et
416 3546 478 3601 haec
492 3545 639 3602 custodire
660 3545 836 3612 certificans,
850 3543 978 3616 petimus
992 3561 1046 3601 nos
1100 3550 1253 3618 pturarum
1261 3550 1430 3602 sanctarum
1439 3544 1569 3601 funiculo
1579 3545 1785 3616 extenderunt,
1791 3541 1904 3601 musitae

221 3617 320 3674 etiam.
332 3633 383 3689 per
396 3614 549 3689 epistolam
570 3617 606 3672 de
620 3615 667 3672 bis
676 3616 702 3672 ci
719 3616 846 3689 prebere
860 3632 1045 3688 responsum,
1100 3622 1144 3672 tes
1159 3617 1317 3672 Dominum
1331 3618 1432 3674 lesum
1449 3615 1611 3684 Christum,
1626 3616 1818 3674 mediatorem
1830 3612 1874 3670 Dei
1883 3613 1904 3666 et

221 3691 368 3761 quatenus
379 3685 549 3770 hujusmodi
560 3686 713 3760 epistolam
725 3692 769 3758 (ut
780 3687 831 3768 ait)
842 3687 978 3743 ostendat
988 3687 1045 3754 liis,
1100 3687 1421 3772 bominum,operatum
1433 3687 1531 3744 divina
1542 3687 1639 3745 media
1650 3687 1828 3746 bnamnitate
1837 3683 1904 3740 verbo
1967 3717 1968 3728 .

222 3759 272 3832 qui
284 3757 407 3815 forsitan
420 3762 598 3832 interrogare
608 3775 674 3815 euin
689 3759 725 3814 de
740 3759 879 3831 predicta
888 3757 1048 3830 quastione
1101 3758 1153 3816 Dei
1166 3759 1339 3816 naturaliter
1348 3758 1441 3826 unite,
1448 3759 1644 3841 eumdemque
1655 3762 1807 3834 operatum
1821 3757 1904 3812 humi·
1967 3735 1968 3808 i

221 3829 376 3888 voluerint.
388 3829 469 3897 Quod
485 3828 619 3912 alacriter
639 3830 765 3904 egimus,
776 3834 805 3886 et
819 3829 868 3886 ille
881 3829 1001 3902 quidem
1016 3829 1047 3886 in
1101 3848 1140 3887 na
1154 3829 1340 3888 ineffabiliter
1358 3835 1446 3902 atque
1460 3829 1652 3905 singulariter
1675 3833 1826 3912 assumpta
1837 3839 1905 3884 earne
1967 3811 1968 3886 l

220 3901 270 3960 his
284 3902 353 3958 binc
368 3900 540 3974 enavigavit.
581 3972 598 3984 ..
636 3972 641 3984 ι
1101 3901 1444 3970 discrete,ecinconluse
1463 3907 1552 3975 atque
1569 3897 1906 3982 inconvertibiliterpleiii
1967 3957 1968 3960 ,

258 3975 301 4030 17.
318 3973 418 4046 Nuper
438 3977 536 4030 eutem
559 3988 723 4045 piissimus,
734 3975 763 4028 et
777 3989 795 4028 a
810 3973 866 4028 Deo
891 3976 1046 4028 coronatus
1101 3973 1270 4031 divinitate:
1285 3977 1313 4030 et
1328 3973 1379 4047 qui
1394 3973 1558 4031 coruscavit
1571 3971 1602 4029 in
1617 3989 1709 4030 carne
1724 3971 1808 4048 plena
1820 3967 1906 4026 divinis
1967 3963 1968 4040 l

222 4044 360 4101 dominus
374 4049 473 4101 noster
486 4045 564 4117 apud
578 4044 755 4102 Edessenam
771 4044 928 4100 demorans
943 4043 1046 4100 civita-
1101 4045 1262 4114 miraculis,
1272 4045 1335 4117 ipse
1351 4050 1406 4116 est,
1418 4049 1446 4102 et
1461 4061 1584 4102 carneas
1594 4043 1720 4102 effeetus
1745 4042 1826 4117 plene
1846 4041 1907 4098 Deus
1967 4051 1968 4104 i

221 4120 292 4186 tem,
308 4116 372 4190 pios
391 4116 469 4189 apud
493 4131 547 4173 nos
571 4116 669 4189 apices
692 4115 770 4183 lecit,
786 4113 997 4189 precipientes,
1013 4119 1047 4172 ut
1101 4121 1130 4173 et
1143 4117 1249 4174 homo:
1265 4116 1417 4189 passiones
1432 4120 1462 4174 et
1476 4115 1633 4190 opprobrie
1648 4115 1762 4190 patitur
1776 4129 1847 4170 unus
1859 4125 1906 4166 ine·
1967 4119 1968 4180 l

220 4192 344 4270 paterna
355 4186 584 4245 illatestimoriia
595 4187 848 4260 deficientesque
859 4187 1047 4244 continentur
1101 4183 1906 4261 diatorDeietbominuminutriusqueneturisllerbuia
1967 4185 1968 4194 ’

220 4276 251 4316 in
262 4259 336 4317 libro
348 4259 512 4388 dcpimatico
524 4259 610 4330 (sicut
623 4259 734 4316 dictum
750 4262 805 4328 est)
816 4259 892 4316 facto
908 4276 925 4315 a
939 4263 1046 4316 sanctes
1100 4276 1167 4316 caro
1177 4261 1286 4316 lactum
1299 4263 1328 4315 et
1341 4259 1485 4316 habitavit
1496 4258 1526 4316 iri
1537 4259 1632 4328 nobis,
1645 4259 1712 4334 ipse
1729 4257 1817 4316 Filius
1830 4255 1906 4334 h⁰¹³¹¹5
1967 4331 1968 4336 ἵ

221 4332 368 4390 memoria
413 4331 540 4388 ennead
557 4329 820 4388 sanctissimumVi
843 4329 1047 4386 iliamdcuna
1099 4327 1907 4403 nisdecoelodeseendens,unusatqueidem(sicutseu·
1967 4337 1968 4380 i

221 4402 436 4486 operationem
447 4400 678 4470 anavolantate;
690 4407 719 4457 et
729 4401 790 4457 bec
800 4346 884 4458 sileo
895 4402 1045 4458 instructas
1100 4406 1183 4475 ptum
1199 4406 1244 4459 est
1257 4402 1413 4458 crucifixus
1428 4403 1570 4459 Dominus
1586 4399 1763 4474 majestatis,
1775 4401 1841 4456 duni
1851 4410 1906 4452 oon·

221 4491 286 4546 eius
300 4474 449 4530 serenitati
459 4472 596 4554 'dirigere
620 4472 804 4542 deberemus,
816 4472 894 4544 quod
909 4477 937 4529 et
951 4473 988 4528 ad
1003 4475 1046 4530 el·
1061 4459 1085 4524 D
1099 4479 1159 4530 stat
1170 4473 1352 4531 divinitatem
1368 4473 1465 4530 nullas
1476 4490 1562 4546 posse
1578 4473 1691 4547 perpeti
1706 4475 1844 4530 humanas
1856 4481 1906 4538 pat·

220 4545 329 4601 lectum
343 4545 545 4617 perduximus.
562 4543 621 4600 Nos
639 4548 737 4600 autem
757 4560 820 4615 quae
839 4544 952 4599 dudum
966 4547 1047 4600 mota
1100 4545 1207 4612 aiones,
1218 4550 1247 4602 et
1260 4562 1316 4602 non
1333 4545 1368 4602 de
1383 4545 1465 4614 cralo,
1477 4545 1528 4602 sed
1544 4545 1580 4602 de
1594 4550 1700 4602 sancta
1714 4549 1762 4602 est
1775 4539 1906 4616 assumile

221 4620 300 4682 sunt,
312 4614 454 4672 momoria
468 4614 636 4684 retinentes,
648 4618 676 4672 et
691 4614 863 4682 tumultum,
875 4614 925 4698 qui
940 4631 974 4670 ex
988 4615 1045 4670 bu·
1099 4634 1166 4673 caro
1181 4617 1232 4673 Dei
1247 4616 1396 4690 genitrice.
1407 4617 1482 4673 Nam
1497 4633 1549 4701 per
1561 4616 1713 4674 severitas
1726 4615 1758 4673 in
1771 4607 1905 4684 llvaugelio
1967 4665 1968 4678 ,

167 4686 172 4698 '
216 4687 348 4758 jusmodi
365 4685 493 4742 motione
507 4687 603 4758 coepit,
615 4686 751 4752 scientes,
763 4702 966 4759 suggessimus
981 4687 1046 4758 ejus
1098 4689 1141 4744 ita
1154 4687 1380 4761 inquit2llallas
1393 4688 1512 4746 ascmdit
1524 4691 1555 4744 ia
1565 4688 1673 4757 mlum,
1685 4689 1744 4745 arii
1758 4686 1804 4759 qai
1817 4678 1905 4740 brata

221 4756 360 4829 piissime
376 4755 525 4814 screnitati
546 4771 598 4829 per
619 4757 796 4814 mediocrem
818 4760 954 4822 nostram,
974 4774 1045 4832 sug·
1099 4759 1234 4817 dracmdit
1247 4761 1336 4818 Filias
1348 4761 1466 4818 hmaiais
1481 4761 1530 4834 qai
1543 4768 1583 4818 cst
1597 4757 1854 4841 iacietcrpeolecto
1863 4763 1905 4834 pot

220 4827 393 4900 gestionem,
407 4833 435 4884 et
451 4827 561 4900 scripta
578 4828 615 4884 ad
630 4829 908 4886 excellentissimum
925 4828 1045 4886 sacella·
1099 4831 1259 4900 instruens,
1268 4832 1346 4904 quod
1363 4831 1509 4888 divinitati
1517 4833 1730 4888 unitnestcaro
1741 4823 1906 4902 ineffabiliter
1967 4863 1968 4874 .

221 4898 724 4980 riumimperialemconsequentcrh
750 4899 1045 4974 'uscapituliomnem
1100 4907 1130 4960 et
1152 4920 1186 4960 ue
1202 4901 1399 4986 singulariter,
1410 4906 1444 4959 ut
1457 4903 1581 4960 discrete
1596 4907 1686 4985 atque
1707 4899 1905 4961 inconfusam
1967 4953 1968 4976 χ

222 4969 740 5046 subtilitatemborumquequaeano
762 4971 1046 5045 ispe'rhocactitnta
1099 4921 1224 5032 indivise
1237 4976 1383 5032 videretur
1406 4977 1514 5048 conJ'un
1537 4973 1601 5044 i,ut
1623 4971 1766 5030 nimirum
1780 4963 1905 5041 sapaudi
1967 4993 1968 5008 .

221 5042 416 5124 eunt,etquod
427 5060 483 5098 non
493 5044 667 5126 oporteatde
676 5043 847 5128 hujusmodi
854 5043 1046 5116 inquisitione
1099 5051 1196 5104 mente
1211 5045 1385 5103 mirabiliter
1394 4990 1592 5114 manentibus,
1604 5049 1798 5117 utrarumque
1806 5043 1905 5098 natura·
1967 5079 1968 5092 2

221 5115 408 5186 perscrutari,
421 5115 472 5170 aed
488 5131 607 5172 manere
621 5132 651 5170 in
663 5119 761 5172 attrita
771 5115 890 5172 Petrum
902 5116 1044 5184 doctrina,
1099 5135 1164 5174 rum
1180 5117 1352 5175 differentiis
1367 5122 1562 5192 cognoscatur
1575 5115 1662 5174 uniri.
1967 5147 1968 5156 ν

221 5200 311 5257 quam
324 5199 426 5241 omnes
437 5191 630 5244 consonanter
643 5187 819 5244 confitentur
829 5187 864 5244 de
875 5186 1045 5260 hujusmodi
1133 5189 1161 5244 6.
1177 5188 1229 5244 Cui
1248 5189 1405 5262 apostolus
1425 5190 1593 5258 concinens,
1608 5187 1644 5246 ad
1667 5183 1829 5244 Corinthios
1850 5176 1902 5236 ait:
1967 5207 1968 5212 .

222 5255 433 5338 quaestionem
448 5257 578 5338 confiteri
594 5258 777 5332 unigenitum
800 5258 907 5315 Filium
921 5258 982 5324 Dei,
994 5258 1045 5330 qui
1098 5260 1269 5332 Sapientiam
1289 5261 1428 5333 loquimar
1450 5264 1481 5318 ia
1499 5263 1629 5334 perfectos
1644 5276 1653 5314 :
1668 5257 1903 5342 rapacidarum,

220 5331 361 5385 veraciter
374 5331 447 5384 Deus
463 5328 553 5385 siniul
567 5334 596 5386 et
610 5329 698 5386 homo
712 5335 758 5386 est
779 5330 915 5386 eumdem
932 5329 1044 5402 operari
1097 5332 1366 5404 aaahajarsoeeati,
1383 5349 1469 5406 acqua
1480 5334 1638 5406 principiam
1656 5331 1741 5414 haym
1754 5323 1901 5402 carduili
1967 5331 1968 5368 ³

221 5399 320 5483 divina
334 5403 360 5456 et
377 5399 516 5482 bumana,
528 5406 557 5456 et
571 5417 605 5456 ex
629 5418 687 5457 uno
711 5373 871 5474 eodemque
894 5401 1045 5459 incarnato
1098 5402 1275 5460 destruantur
1280 5423 1291 5472 ,·
1304 5403 1351 5460 sed
1367 5405 1505 5478 loquimar
1512 5405 1562 5462 Dei
1574 5403 1740 5488 sapientiam
1749 5402 1780 5456 ia
1791 5401 1901 5468 marano

221 5471 272 5527 Dei
286 5471 391 5538 Verbo,
402 5476 479 5528 sicut
490 5487 547 5543 quo
562 5475 747 5529 occurrentes
758 5473 822 5544 jam
838 5488 943 5529 samua
956 5472 1044 5544 allati,
1099 5473 1295 5543 absconditam,
1310 5493 1394 5548 qaam
1412 5475 1620 5549 praedestinarat
1640 5474 1711 5530 Deus
1732 5477 1793 5528 aab
1814 5461 1901 5523 ,aaa

221 5541 454 5615 inseparabiliter
464 5547 550 5614 atque
561 5543 808 5602 indivieeomiiem
820 5543 948 5599 divinam
958 5548 1045 5616 atque
1099 5548 1129 5602 ia
1143 5546 1260 5617 pluriam
1273 5556 1406 5617 austrum,
1419 5564 1499 5620 quam
1512 5563 1590 5605 aenio
1602 5545 1762 5620 principiae
1775 5539 1849 5612 ναίω
1859 5545 1900 5614 δᾶἷ·

221 5613 381 5670 humanam
393 5613 590 5686 operationem
603 5616 771 5688 procedere.
784 5616 842 5671 Hoc
854 5631 981 5686 namque
991 5631 1045 5672 nos
1098 5619 1155 5674 mli
1168 5619 1302 5686 coaaauit.
1317 5618 1348 5676 Si
1361 5622 1436 5676 raim
1449 5621 1640 5692 commodiani.
1667 5627 1810 5686 conquam
1828 5609 1903 5688 Domi·
1967 5637 1968 5642 ¹

221 5685 278 5743 Leo
293 5685 430 5756 instituit,
445 5686 599 5746 manifeste
612 5685 769 5760 perhibens
780 5687 859 5770 :tagit
873 5686 951 5742 enim
968 5690 1045 5744 utra·
1097 5705 1166 5746 acra
1176 5690 1325 5762 majestatis
1337 5692 1549 5764 emmtfiairseat.
1560 5691 1636 5748 Dum
1646 5677 1907 5764 palermitanae

221 5771 278 5838 que
293 5755 387 5820 torma
409 5773 477 5823 oum
496 5757 618 5824 alarius
646 5758 952 5838 communiono,quod
976 5775 1045 5838 pro·
1099 5777 1152 5840 nec
1160 5761 1291 5842 crucifigi
1299 5761 1465 5844 potuit,neo
1472 5761 1624 5843 passiones
1634 5746 1904 5831 bumancsexpciia
