4048 6174
253 205 333 274 aaa
824 201 1035 269 cassanen
1056 200 1383 270 arumoruausan.
1471 243 1473 247 ,
1853 217 1915 282 racc

332 337 526 420 nequissimo
547 336 828 418 Langobardorum
862 337 929 418 regi
960 343 1089 420 propter
1118 336 1206 420 pacis
1233 337 1364 412 loedera,
1388 343 1419 400 et
1449 337 1652 420 proprietatis
1677 347 1788 406 sancta
1816 345 1850 430 (a)
1872 352 1917 414 dei

332 444 489 518 Ecclesiae,
512 461 549 505 ac
571 443 761 524 Reipublicae
787 443 981 506 restituenda
1008 443 1093 524 jura,
1117 450 1212 523 atque
1237 442 1284 504 bis
1306 447 1350 537 ct!
1368 444 1459 506 tertio
1487 443 1580 523 juxto
1610 446 1747 526 saepefati
1773 449 1916 518 beatissimi

331 571 422 634 papae
444 551 690 614 admonitionem
713 568 785 612 eum
807 551 994 632 deprecatus
1015 555 1072 624 est,
1096 555 1127 612 et
1150 551 1243 631 plura
1268 550 1296 610 ei
1317 550 1475 631 pollicitos
1495 557 1546 614 est
1582 571 1722 628 monera,
1746 560 1780 616 nt
1803 562 1918 622 mutam·

265 660 426 722 ternodo
448 658 577 740 pacifice
599 657 730 738 propria
751 658 930 719 restitueret
951 657 1107 738 propriis;
1131 657 1185 718 sed
1207 657 1271 730 ille,
1295 663 1423 738 peccato
1445 657 1642 734 imminente,
1665 659 1786 724 obedire
1808 663 1916 730 distulit.

329 766 377 829 Ad
399 766 462 828 hoc
494 765 593 828 isdem
616 764 750 826 eximius
778 767 972 826 Francorum
1003 782 1069 838 rex,
1102 781 1233 826 cernens
1263 763 1349 844 quod
1373 763 1559 826 atrocissimi
1588 764 1710 827 aistulfi
1743 786 1916 852 nequaqnam

328 874 448 936 valeret
468 889 596 954 quoquo
619 870 712 932 modo
733 889 864 933 saxeum
886 870 1009 932 mollire
1030 888 1094 945 cor,
1121 871 1300 949 generalem
1322 877 1434 932 contra
1456 889 1530 934 eum
1550 871 1690 934 decrevit
1710 873 1806 937 facere
1825 879 1916 942 motio·

329 1001 413 1044 aem.
434 982 473 1044 llt
491 979 567 1042 dum
593 977 661 1058 jam
698 978 764 1040 sere
804 977 942 1039 medium
973 976 1093 1040 itineris
1119 977 1256 1060 spatium
1296 980 1491 1040 Francorum
1527 977 1697 1040 exercitum
1740 981 1917 1060 graderentur

328 1089 430 1163 cunei,
454 1104 578 1148 rursum
600 1086 668 1166 ipse
689 1084 905 1146 sanctissimus
926 1085 974 1145 vir
996 1085 1163 1165 praelatum
1190 1085 1455 1166 benignissimum
1486 1084 1672 1166 deprecatus
1702 1093 1749 1149 est
1773 1088 1915 1172 Pippinum

267 1200 306 1260 lo
327 1213 443 1276 regem,
469 1193 597 1256 demum
619 1191 660 1274 (d)
683 1191 853 1254 saevbsimo
877 1191 1012 1254 Aistullo
1034 1190 1128 1272 dirigi
1149 1191 1433 1272 Langobardorum
1450 1191 1531 1272 regi,
1547 1191 1573 1254 si
1594 1210 1657 1272 quo
1679 1193 1770 1256 modo
1791 1198 1916 1276 potuisset

327 1304 467 1365 velsero
496 1299 622 1362 taudem
653 1297 722 1378 ejus
745 1297 854 1360 sedare
882 1299 1046 1372 amcitiam,
1077 1304 1109 1359 et
1137 1298 1266 1379 propria
1294 1298 1430 1380 propriis
1457 1297 1666 1360 saluberrime
1700 1299 1835 1364 suaderet
1859 1304 1916 1366 red·

325 1411 400 1472 dere
427 1408 546 1488 absque
574 1405 708 1468 humani
731 1405 883 1469 allusione
910 1405 1083 1485 sanguinis
1114 1407 1153 1468 nt
1180 1405 1224 1468 ita
1252 1406 1369 1468 laetum
1392 1411 1450 1480 est,
1476 1411 1571 1487 atque
1601 1405 1707 1468 denuo
1743 1407 1806 1488 ipse
1826 1409 1913 1500 'beni-

326 1516 495 1599 gnissimus
525 1517 717 1576 Francorum
749 1531 804 1574 rex
833 1531 906 1574 suos
934 1512 1036 1574 eidem
1063 1512 1199 1576 Aistullo
1227 1512 1313 1574 misit
1341 1511 1464 1574 missos.

366 1628 446 1687 u!
479 1620 539 1684 Sed
574 1619 773 1682 beatissimus
808 1619 909 1682 isdem
948 1637 1042 1702 papa,
1080 1622 1116 1682 ut
1147 1637 1219 1682 vere
1256 1622 1347 1700 pater
1384 1623 1416 1680 et
1451 1619 1554 1688 bonus
1587 1623 1705 1702 pastor,
1743 1638 1781 1681 ne
1813 1621 1915 1700 sangais

323 1729 538 1796 effunderetur
566 1726 829 1800 Christianorum,
859 1726 1087 1788 admonitionis
1114 1729 1146 1787 et
1174 1725 1401 1788 obsecrationis
1429 1726 1618 1806 apostolicas
1657 1727 1686 1788 ei
1721 1725 1827 1790 direxit
1850 1727 1913 1790 litte·

323 1856 385 1912 ras,
415 1854 471 1918 per
498 1851 551 1896 eas
579 1838 612 1895 et
639 1832 763 1894 fortiter
792 1851 849 1913 per
876 1832 983 1894 omnia
1010 1831 1118 1894 divina
1146 1831 1296 1912 mysteria
1330 1838 1362 1894 et
1398 1832 1496 1893 laturi
1533 1831 1690 1894 examinis
1722 1832 1801 1895 diem
1826 1833 1913 1914 eonju-

323 1963 396 2006 rans
424 1948 519 2022 atque
547 1939 709 2002 obtestans
743 1945 777 2001 ut
813 1939 944 2020 pacifice
980 1939 1048 2002 sine
1087 1938 1152 2000 ulla
1188 1937 1350 2017 sanguinis
1387 1937 1539 2000 allusione
1575 1939 1707 2020 propria
1741 1945 1847 2002 sancta
1873 1940 1914 2002 nei

281 2049 468 2114 dilacinata
505 2052 536 2108 et
572 2045 765 2126 Reipublicae
803 2047 1017 2107 Romanorum
1055 2044 1201 2107 redderet
1230 2045 1333 2126 jura;
1363 2045 1418 2106 sed
1454 2045 1622 2126 iniquitate
1663 2045 1730 2128 ejus
1760 2045 1911 2120 obsistente,

320 2172 519 2238 nequaquam
550 2153 747 2233 acquiescere
776 2152 886 2213 voluit.
916 2154 1025 2214 Potius
1054 2159 1160 2213 autem
1189 2170 1206 2214 e
1233 2151 1392 2213 contrario
1422 2152 1523 2214 minas
1552 2156 1584 2214 et
1610 2151 1835 2232 indignationes
1855 2172 1913 2233 pra

319 2267 384 2326 lato
412 2260 552 2344 pontiilci
580 2265 609 2320 el
636 2258 900 2320 excellentissimo
927 2259 1065 2341 Pippino
1094 2259 1160 2340 regi
1187 2258 1236 2321 vel
1264 2259 1385 2320 cunctis
1420 2261 1548 2320 Francis
1584 2259 1711 2322 direxit.
1739 2259 1821 2324 lunc
1852 2259 1911 2321 fiam

318 2370 358 2452 (c)
388 2371 418 2430 in
447 2365 673 2448 omnipotentis
702 2365 759 2426 nsi
796 2364 1012 2427 misericordia
1051 2367 1211 2428 antelatus
1246 2365 1401 2446 Pippinus
1438 2365 1630 2428 Francorum
1669 2383 1725 2429 rex
1757 2363 1813 2428 iter
1840 2385 1908 2428 suum

317 2477 476 2560 proiectus
503 2473 545 2554 (d)
585 2479 642 2548 est,
684 2471 881 2554 praemittens
918 2477 991 2534 ante
1019 2491 1111 2533 suum
1149 2490 1313 2535 occursum
1352 2471 1476 2553 aliquos
1512 2488 1551 2534 ex
1588 2473 1655 2534 suis
1691 2471 1866 2554 proceribus,
1888 2479 1910 2533 et

260 2589 296 2650 ¹0
317 2603 388 2647 curn
418 2582 463 2645 eis
492 2580 698 2644 exercituales
729 2581 813 2641 viros
849 2578 889 2640 ad
926 2577 1166 2641 custodiendum
1206 2579 1350 2660 proprias
1384 2575 1577 2642 Francorum
1615 2580 1720 2642 clusas
1747 2579 1802 2661 (e);
1828 2579 1909 2660 ibique

317 2691 547 2771 conjungentes
577 2687 689 2749 remoti
714 2685 906 2760 residebant,
936 2686 1055 2768 proprii
1084 2685 1167 2766 regis
1195 2685 1413 2767 prestolantes
1446 2687 1628 2749 adventurn.
1659 2688 1794 2749 Audiens
1823 2687 1907 2766 itaque

315 2805 482 2882 protervus
509 2795 562 2858 ille
588 2794 742 2855 Aistullus
770 2811 884 2874 parvos
913 2793 1006 2855 luisse
1034 2795 1171 2854 Francos
1199 2793 1271 2854 illos
1300 2793 1354 2873 qui
1383 2793 1424 2855 ad
1457 2793 1635 2857 custodiam
1660 2793 1846 2876 propriarum
1865 2791 1906 2854 ed·

314 2910 466 2968 venerant
502 2901 673 2975 clusarum,
712 2899 811 2962 sadans
849 2901 882 2960 in
917 2918 975 2961 sua
1011 2899 1174 2962 tenacitate
1201 2899 1254 2982 (l),
1284 2900 1388 2961 subito
1426 2901 1571 2983 aperiens
1608 2901 1722 2976 clusas,
1755 2919 1840 2982 super
1868 2917 1906 2960 eos

313 3009 441 3074 diliculo
470 3027 540 3070 cum
569 3007 716 3088 plurimis
743 3005 934 3068 exercitibus
961 3005 1065 3068 irruit.
1096 3007 1156 3070 Sed
1182 3005 1288 3086 justus
1312 3005 1412 3085 judex
1445 3007 1597 3070 Dominus
1624 3009 1709 3070 Deus
1735 3011 1767 3070 et
1791 3005 1906 3071 Salvator

253 3122 291 3183 lb
313 3122 419 3180 noster
455 3115 547 3178 lesus
595 3112 735 3175 Christus
770 3111 936 3173 victoriam
974 3111 1174 3192 paucissimis
1209 3111 1272 3174 illis
1309 3113 1420 3176 tribuit
1450 3105 1592 3177 Francis.
1629 3116 1672 3177 llt
1703 3113 1904 3176 multitudinem
1965 3169 1966 3172 ,

306 3223 398 3285 illam
425 3220 707 3301 Langobardorum
736 3223 921 3300 superantes
957 3217 1207 3294 trucidaverunt,
1236 3219 1282 3281 ita
1316 3225 1353 3282 ut
1388 3221 1456 3301 ipse
1489 3220 1646 3283 Aistullus
1682 3221 1757 3303 luga
1789 3223 1903 3300 arreptus
1964 3241 1965 3300 ι

310 3331 362 3392 vix
391 3329 432 3391 ab
459 3345 569 3390 eornm
596 3325 730 3389 euadere
768 3325 921 3406 potuisset
958 3325 1114 3400 manibus,
1150 3325 1210 3388 nisi
1247 3343 1346 3407 usquc
1383 3327 1416 3388 in
1452 3328 1586 3410 Papiam
1620 3329 1778 3390 civitatem
1812 3326 1901 3404 absque
1961 3309 1964 3446 p

311 3437 406 3499 armis
435 3437 542 3514 lugam
572 3433 775 3514 arripuisset;
803 3431 835 3494 in
863 3451 927 3512 qua
955 3437 987 3494 et
1014 3451 1080 3512 proe
1108 3431 1221 3495 timore
1249 3437 1442 3496 Francorum
1472 3453 1544 3496 eum
1571 3433 1746 3515 aliquantis
1769 3451 1801 3496 ss
1828 3435 1901 3493 retra·

226 3551 232 3560 ’
309 3543 361 3604 sit.
388 3543 450 3623 lpsi
487 3560 561 3603 vero
598 3539 712 3602 Franci
746 3539 942 3602 introeuntes
970 3539 1083 3618 clusas,
1113 3545 1262 3602 cunctum
1291 3541 1443 3604 lassatum
1470 3542 1513 3624 (p)
1541 3542 1816 3622 Langobardorum
1848 3540 1899 3618 post

218 3643 288 3714 “20
308 3654 468 3731 peractam
497 3647 615 3708 caedem
643 3645 852 3719 abstulerunt,
883 3645 984 3725 spolia
1013 3647 1115 3709 multa
1140 3649 1331 3711 arelerentes.

348 3763 431 3819 us
460 3754 661 3835 Gonjungens
697 3771 772 3815 vero
808 3751 1091 3815 christianissimus
1127 3755 1281 3836 Pippinus
1318 3757 1513 3818 Francorum
1548 3773 1614 3832 rex,
1657 3755 1797 3836 sequipes
1827 3749 1896 3813 etiam

306 3863 375 3945 ejus
403 3863 516 3937 lactus,
546 3866 578 3922 et
606 3863 764 3922 antelatus
790 3859 989 3922 beatissimus
1018 3879 1113 3942 papa,
1142 3880 1241 3942 usque
1270 3863 1311 3923 ad
1346 3881 1455 3925 mneos
1492 3863 1627 3925 ciuitatis
1665 3861 1768 3944 Papia
1801 3856 1896 3934 umque

306 3972 529 4052 pervenerunt.
559 3967 658 4041 Quam
685 3971 717 4030 ct
740 3965 921 4029 obsidentes
936 3985 992 4048 per
1019 3966 1198 4048 aliquantos
1226 3967 1293 4030 dies
1319 3969 1452 4031 viriliter
1476 3987 1546 4032 eam
1584 3967 1777 4031 Francorum
1805 3957 1895 4026 exeni-

303 4084 354 4139 tns
383 4075 639 4137 constrinxerunt
672 4073 727 4154 (b).
757 4075 846 4134 'lunc
875 4071 942 4152 jam
982 4073 1065 4136 latus
1095 4075 1296 4137 beatissimus
1333 4081 1365 4136 et
1401 4073 1602 4156 coangelicus
1641 4091 1726 4156 papa
1760 4068 1893 4151 Pippiuad

261 4184 490 4266 ltdeprecatus
517 4185 565 4243 est
594 4180 852 4259 benignissimum
876 4197 994 4260 regern,
1022 4184 1057 4241 ιιι
1080 4179 1148 4262 jam
1177 4181 1314 4262 amplius
1341 4182 1461 4244 malum
1485 4182 1545 4245 hoc
1570 4199 1635 4244 non
1660 4178 1837 4263 proveniret,
1860 4171 1891 4251 (d.

302 4308 404 4371 neque
432 4288 562 4367 sanguis
589 4286 804 4350 effunderetur
831 4286 1095 4361 Christianorum,
1121 4287 1291 4349 imminens
1319 4289 1480 4351 salutifera
1508 4289 1746 4369 praedicatione,
1774 4289 1806 4346 ut
1829 4275 1890 4361 paci·

301 4397 359 4460 lice
393 4413 497 4458 causae
532 4394 710 4456 linirentur.
749 4393 798 4455 Ad
833 4393 902 4455 haec
937 4393 1221 4458 christianissimus
1257 4395 1412 4478 Pippinus
1447 4399 1643 4459 Francorum
1683 4412 1748 4468 rex,
1782 4383 1889 4467 ejusdem

299 4503 473 4566 beatissimi
499 4501 602 4564 Patris
629 4506 662 4564 et
688 4499 764 4562 boni
792 4500 927 4581 pastoris
955 4501 1086 4563 audiena
1115 4501 1154 4584 (Ji
1183 4502 1423 4582 adimplensque
1451 4502 1716 4576 admonitionem,
1743 4500 1800 4560 lico
1823 4490 1889 4554 dille·

300 4616 363 4672 tam
391 4627 502 4689 pacem
537 4608 682 4682 inientes,
720 4611 815 4686 atque
848 4605 880 4667 io
918 4607 1036 4688 scripto
1069 4608 1190 4670 loedera
1225 4609 1364 4689 partium
1401 4609 1595 4672 affirmantes
1632 4609 1717 4671 inter
1754 4608 1886 4666 nouenos

238 4719 276 4778 ιθ
297 4719 435 4780 Francos
463 4721 495 4776 et
519 4713 757 4794 Langobardos,
787 4717 819 4774 et
846 4712 972 4775 obsides
994 4714 1277 4794 Langobardorum
1300 4716 1401 4778 isdem
1425 4717 1617 4780 Francorum
1644 4733 1701 4778 rex
1724 4706 1886 4776 mantem:

297 4822 467 4903 spopondit
488 4821 557 4902 ipse
583 4821 734 4884 ltistullus
762 4839 833 4882 cum
862 4820 1015 4883 universis
1043 4821 1107 4883 suis
1135 4822 1308 4902 judicibus,
1332 4823 1391 4885 sub
1414 4823 1548 4886 terribili
1574 4829 1607 4886 et
1626 4818 1793 4884 forimsimo
1812 4822 1886 4874 eald·

297 4933 415 5001 mento,
445 4933 540 5007 atque
566 4926 599 4988 in
630 4927 740 4989 eodem
770 4927 855 5008 pacti
880 4928 999 4990 loedere
1026 4947 1083 5009 per
1108 4929 1257 5010 scriptam
1284 4931 1433 5011 paginam
1458 4931 1631 4994 aidrmavit
1655 4948 1688 4992 se
1712 4926 1789 4990 illico
1810 4910 1884 4982 reddi·

295 5039 401 5095 turum
428 5033 585 5095 civitatem
613 5034 843 5096 Rauennatium
872 5052 943 5095 cum
971 5035 1041 5096 aliis
1068 5035 1199 5098 diversis
1229 5037 1419 5100 civitatibus.

336 5147 421 5204 m
449 5142 488 5202 nt
514 5144 586 5221 post
613 5139 687 5214 hoc,
715 5141 799 5202 lacta
826 5159 903 5222 pace
924 5142 1008 5204 inter
1033 5145 1203 5220 itomanos,
1235 5146 1372 5206 Francos
1401 5150 1433 5208 et
1460 5143 1696 5224 Langobardos,
1724 5157 1776 5202 rex
1798 5123 1878 5210 PiFFi·

294 5266 353 5310 nus
376 5246 501 5310 obsides
513 5247 794 5326 longobardorum
811 5265 917 5310 seeum
931 5248 1048 5312 ducens
1062 5249 1095 5312 in
1111 5249 1227 5312 finibus
1242 5249 1306 5313 suis
1321 5251 1424 5314 rediit.
1441 5251 1582 5333 Cumque
1597 5249 1637 5312 ab
1659 5246 1785 5310 invicem
1803 5227 1879 5300 aseri

801 5397 928 5445 NOTULAE
948 5397 1143 5476 menomenas
1163 5401 1324 5448 Flanorrl.

246 5517 284 5591 (a)
298 5518 330 5587 Β,
346 5517 471 5591 prealato
484 5517 601 5574 saneta.
616 5515 655 5586 (b)
669 5515 775 5571 denuo.
792 5513 826 5585 (c)
840 5514 923 5572 ilaus.
940 5515 978 5598 (d)
993 5519 1026 5587 B,
1042 5521 1224 5591 prosecutus.
1241 5517 1447 5593 (cilicienses.
1458 5517 1492 5592 (s)
1507 5515 1688 5600 lentitudine.
1705 5510 1741 5595 (p)
1754 5503 1873 5564 rosatum

211 5587 294 5674 idest
305 5597 412 5671 castra.
428 5589 468 5662 (t)
483 5585 665 5645 constrinxit.
681 5585 958 5670 carpocratiani»
973 5591 985 5612 '
999 5589 1041 5645 Ad
1057 5587 1112 5646 hoe
1126 5589 1266 5678 Pippinus
1288 5607 1338 5647 rex
1363 5591 1485 5650 audiens
1510 5601 1560 5648 eos
1575 5601 1639 5664 pam
1654 5584 1799 5642 inhianter,
1812 5573 1873 5652 ⁸1lii

209 5675 241 5718 ιιι
255 5664 364 5733 scripto
379 5659 486 5720 indere
500 5663 619 5736 pactum
634 5659 838 5735 promittentes
853 5659 926 5716 daun
941 5675 1058 5720 summo
1071 5660 1212 5719 Pontrtrcr.
1231 5661 1294 5720 Frat
1309 5662 1472 5721 secundum
1487 5665 1663 5738 preceptum
1679 5660 1758 5716 tuum
1771 5645 1862 5706 manat

209 5747 257 5792 me
271 5729 361 5792 Fater.
