4048 6174
133 209 214 276 ausu
487 207 670 272 HISTORIA
693 208 744 271 uu
757 205 867 296 'uris
889 209 986 272 uuir.
1010 205 1124 272 Pacu.
1139 239 1180 256 ·-
1195 205 1427 274 srauusrrus
1448 208 1487 273 II.
1759 208 1838 276 tutu

217 343 432 408 sanctissimus
473 343 521 404 vir
550 342 627 424 :jam
669 343 768 404 iatum
812 343 994 423 pestiferum
1035 339 1316 422 Langobardorum
1358 357 1465 423 regem
1513 343 1675 406 tmmcnsls
1718 341 1838 408 vicibus

167 450 465 518 rbrinunuscrabilla
502 449 642 512 tribuens
676 468 809 512 munere
844 451 1067 530 deprecaretur
1103 467 1162 528 pro
1189 447 1337 529 gregibus
1367 449 1427 510 sibi
1454 469 1474 511 a
1501 453 1566 512 lieu
1586 451 1778 526 commissis,
1809 457 1841 513 ct

218 561 350 643 perditis
378 559 489 622 aribus
517 557 570 640 (a),
601 557 720 619 scilicet
752 575 810 637 prc
838 557 984 620 uuivcnro
1022 556 1160 618 exercitu
1191 554 1228 637 (h)
1259 558 1427 629 Ilaveunae,
1467 563 1561 637 atque
1600 564 1713 623 cuncto
1749 561 1839 624 istius

220 669 319 732 Italiae
340 665 521 747 prormcia
552 664 683 745 populo,
712 679 791 744 qncs
819 662 977 724 diabolice
999 663 1109 725 fraude
1135 663 1202 743 ipse
1224 661 1342 742 impius
1368 663 1533 742 deceperat
1563 683 1617 725 rex
1644 673 1677 728 el
1704 668 1841 747 posside

204 776 294 852 ,bct3
324 779 356 837 et
381 774 457 836 dum
486 773 526 838 ab
553 789 591 834 eo
619 771 698 832 nihil
726 770 786 832 hac
813 770 853 832 de
883 788 917 831 re
944 768 1113 843 obtineret,
1142 785 1274 832 cernens
1303 769 1477 850 praesertim
1504 768 1599 850 (c)·ct
1620 773 1661 833 ab
1684 773 1842 854 imperiali

220 882 363 966 palantia
391 881 515 943 nullum
550 896 617 942 esse
654 876 860 939 subveniendi
894 875 1059 950 auxilium,
1090 882 1166 938 tnnc
1202 876 1469 956 quemadmodum
1509 878 1753 958 praedecessores
1774 881 1842 962 ejus

155 992 200 1053 ua
219 991 321 1053 bsatae
350 987 511 1050 memorias
540 986 675 1048 domnus
704 983 884 1064 Gregorius,
914 988 946 1044 et
974 981 1143 1062 Gregorius
1170 983 1262 1057 nlius,
1293 987 1326 1045 et
1360 981 1495 1044 domnus
1531 981 1701 1048 Zacharias
1727 986 1843 1050 beatis·

220 1097 290 1160 simi
315 1094 491 1177 pestifirae,
525 1092 649 1165 Garolu,
678 1089 950 1152 excellentissima
977 1089 1139 1151 memorIae
1166 1089 1235 1169 regi
1275 1091 1480 1165 Francorum,
1508 1090 1701 1166 direxemnt,
1732 1097 1844 1174 peten-

221 1210 268 1267 tes
295 1202 355 1266 sibi
375 1199 535 1264 subveniri
564 1204 692 1280 propter
714 1196 933 1278 oppressiones
962 1213 1000 1257 ac
1027 1196 1208 1258 iuvasiones
1230 1213 1310 1275 quas
1336 1201 1369 1258 et
1391 1195 1451 1276 ipsi
1477 1197 1510 1258 in
1539 1196 1599 1262 bac
1629 1199 1845 1262 Ilomanorum

221 1305 427 1392 prcuiucIaa
457 1305 595 1368 neieu‘rla
621 1301 903 1382 Langobardorum
926 1307 1020 1380 gente
1048 1301 1189 1383 perpessi
1216 1307 1316 1364 sunt:
1345 1301 1390 1363 ita
1419 1301 1513 1364 modo
1541 1309 1574 1366 et
1609 1303 1676 1384 ipse
1713 1325 1845 1369 reuera-

220 1417 292 1480 bitis
317 1417 422 1490 Pater,
449 1413 560 1478 cinna
585 1409 689 1491 gratia
716 1409 906 1490 inspirante,
934 1409 1015 1470 clsm
1044 1427 1100 1490 per
1126 1407 1296 1490 quemdam
1325 1409 1525 1489 peregrinum
1554 1427 1626 1472 suas
1654 1409 1738 1474 misit
1765 1413 1846 1476 litte·

162 1527 200 1589 l5
223 1543 273 1587 res
299 1521 434 1604 Pippico
459 1519 526 1600 regi
550 1521 744 1581 Francorum
773 1515 870 1578 nimio
898 1515 1007 1578 dolore
1033 1515 1107 1578 hnic
1134 1514 1305 1595 pmuincire
1327 1513 1495 1578 inhaerenti
1518 1515 1722 1597 conscriptas.

260 1633 347 1694 m
374 1628 423 1696 Ad
463 1627 548 1690 bunc
586 1625 682 1688 etiarn
719 1641 803 1686 nuuc
848 1621 892 1704 (d)
933 1622 1065 1686 cessam
1105 1622 1254 1701 dirigens,
1297 1627 1333 1684 ut
1379 1639 1452 1684 cuce
1502 1621 1554 1684 hic
1604 1625 1736 1687 Romam
1778 1625 1846 1709 ipse

221 1742 416 1802 Francorum
444 1753 499 1798 rex
529 1733 666 1795 mitteret
698 1730 819 1805 missus,
848 1749 905 1810 per
931 1730 1016 1810 quod
1045 1747 1118 1792 eum
1145 1729 1187 1791 ad
1216 1746 1250 1791 se
1276 1730 1423 1791 accersiri
1450 1730 1583 1793 iecisset.
1612 1734 1652 1794 Et
1684 1733 1760 1794 dum
1790 1753 1845 1796 ra-

221 1845 285 1908 lide
311 1843 349 1926 (c)
377 1842 417 1904 ab
445 1840 558 1904 eodem
586 1837 871 1918 Locgcbardcrum
900 1854 975 1915 rege
1001 1835 1144 1898 civitates
1159 1841 1190 1898 et
1219 1833 1381 1916 provinciis
1405 1835 1467 1898 ista
1498 1838 1713 1900 Romanorum
1741 1841 1848 1922 oppri-

223 1958 394 2024 merentur,
420 1947 524 2010 subito
553 1944 720 2027 conjunxit
749 1941 792 2025 (f)
821 1942 934 2004 missus
957 1942 1025 2022 jum
1054 1942 1112 2004 lati
1139 1942 1221 2022 regis
1249 1960 1269 2003 a
1296 1944 1489 2006 Francorum
1526 1945 1652 2007 nomine
1691 1947 1848 2027 Ilodignn·

182 2063 283 2141 tlgus
311 2057 354 2140 (p)
381 2055 490 2128 abbas,
520 2071 577 2134 per
604 2069 699 2133 quem
728 2051 814 2112 misit
840 2051 872 2110 in
901 2049 1058 2130 responsis
1088 2066 1213 2110 omnum
1250 2048 1446 2110 voluntatem
1484 2067 1521 2112 nc
1556 2051 1740 2132 petitionem
1769 2073 1849 2134 prae·

224 2166 300 2227 dicti
320 2160 519 2226 sanctissimi
549 2177 639 2242 pupas
666 2176 700 2220 se
730 2156 914 2239 adimplere.
944 2157 983 2218 ut
1011 2156 1212 2236 postmodum
1242 2155 1322 2216 alius
1351 2157 1464 2218 missus
1493 2155 1656 2220 familiaris
1681 2159 1749 2239 ejus
1777 2179 1849 2223 con-

220 2272 339 2353 junxit,
370 2288 408 2332 ea
435 2269 504 2350 ipsa
530 2265 736 2328 annuntians.
1349 2273 1356 2288 ·

268 2385 349 2443 w
380 2379 520 2456 Cumque
549 2393 568 2434 ιι
606 2371 834 2451 longobardie,
863 2375 898 2431 ut
931 2370 1098 2450 praefatum
1134 2377 1192 2444 est,
1231 2371 1364 2450 antiqua
1397 2373 1539 2434 Itomana
1577 2373 1651 2434 urbs
1688 2379 1719 2435 et
1746 2381 1850 2437 castra

225 2486 374 2550 uniuersa
401 2482 676 2560 distringerentur,
707 2479 751 2540 ila
778 2477 873 2539 etiam
905 2482 938 2538 ut
964 2478 1153 2539 Giccanense
1190 2477 1366 2551 castollum,
1396 2477 1480 2557 quod
1517 2479 1701 2542 coloncmm
1733 2487 1849 2544 sanctae

224 2593 283 2657 uei
319 2590 466 2654 Ecclesiae
501 2586 667 2657 existebat,
705 2589 884 2666 usurparet,
913 2583 996 2646 illico
1028 2583 1070 2644 ad
1103 2583 1222 2662 regium
1252 2583 1361 2644 urbem
1400 2583 1566 2664 conjunxit
1592 2586 1636 2666 (l)
1663 2587 1849 2666 smpelactus

223 2704 363 2764 loannes
385 2694 559 2778 imperialis
587 2691 779 2754 silentiarius
807 2708 878 2752 cum
908 2689 1010 2751 missis
1037 2689 1135 2770 ipsius
1157 2689 1348 2750 sanctissimi
1377 2689 1545 2768 pontilicis,
1576 2691 1719 2754 deierans
1740 2711 1846 2756 secum

225 2815 259 2870 et
285 2823 357 2888 qum
385 2803 609 2884 deportaverat
632 2797 736 2878 ianui
762 2795 1045 2874 Langobardorum
1073 2795 1155 2873 regis
1184 2795 1308 2868 missus,
1335 2795 1428 2856 simul
1455 2801 1487 2858 et
1506 2795 1682 2876 jussionem
1706 2800 1852 2880 imperia·

226 2914 300 2990 lern,
332 2913 363 2974 iu
392 2927 457 2992 qua
480 2907 607 2970 inberat
634 2903 672 2986 (a)
698 2904 852 2965 insertum
891 2920 910 2962 a
939 2901 1218 2982 Langobardorum
1255 2919 1329 2982 rege
1357 2900 1410 2982 (ι),
1440 2902 1586 2965 eumdem
1620 2906 1850 2972 sanctissimum

225 3037 343 3102 papam
371 3035 438 3080 esse
466 3016 673 3096 properatum
703 3009 745 3072 cb
775 3007 986 3090 recipiendam
1023 3007 1253 3070 llaucnnatium
1294 3007 1404 3070 urbem
1431 3012 1463 3070 et
1489 3009 1632 3073 ciuitates
1660 3013 1688 3074 ci
1716 3011 1757 3096 (l)
1784 3034 1853 3095 per·

227 3128 375 3190 licentes.
400 3125 462 3186 Pro
490 3139 553 3202 quo
590 3123 624 3182 et
658 3118 700 3180 de
739 3115 885 3198 prasenti
919 3113 1100 3196 Stephanus
1116 3132 1205 3195 papa
1233 3113 1347 3176 direxit
1374 3115 1415 3176 ad
1449 3115 1595 3179 eumdem
1631 3118 1852 3202 blasphemum

227 3251 334 3314 regem
360 3248 455 3292 suurn
489 3227 620 3290 missum
648 3242 707 3306 pro
741 3240 809 3296 sua,
835 3227 866 3284 et
908 3221 963 3301 qui
1004 3239 1074 3283 cum
1114 3237 1152 3282 eo
1194 3220 1268 3282 ituri
1316 3227 1416 3296 eraut,
1459 3223 1678 3288 isdemnitata.
1713 3228 1853 3312 Ipsoque

164 3344 207 3406 ru
229 3357 354 3404 reverso
394 3335 563 3416 exteurplo,
600 3337 637 3394 ct
669 3329 756 3392 missi
792 3327 859 3409 jam
911 3327 969 3388 fati
1008 3327 1134 3408 Pippini
1173 3327 1256 3408 regis
1304 3329 1497 3391 Francorum
1532 3331 1777 3413 conjunxerunt,
1820 3337 1854 3398 id

227 3452 275 3509 est
304 3443 507 3523 Itodiqnugus
533 3439 569 3521 (l)
596 3438 773 3519 episcopus,
812 3441 844 3497 et
878 3433 1069 3495 Aatcbarius
1106 3434 1169 3494 dux
1207 3440 1363 3514 quatenus
1400 3437 1583 3517 praedictum
1621 3441 1853 3506 sanctissimum

227 3569 344 3634 papam
377 3549 480 3632 (juxta
508 3545 594 3628 quod
623 3542 760 3625 petendo
790 3539 930 3621 miserat)
959 3539 1000 3602 ad
1028 3557 1118 3600 suum
1148 3540 1289 3603 Francia
1316 3541 1370 3622 (m)
1399 3561 1503 3623 negem
1532 3544 1734 3625 deducerent,
1758 3569 1853 3630 quem

227 3661 323 3722 etiam
352 3661 499 3739 peratum
536 3653 725 3714 invenerant
761 3649 801 3712 ad
838 3647 1023 3728 pradictum
1055 3647 1335 3727 Langobardorum
1364 3667 1470 3729 regern
1509 3653 1758 3732 properandum,
1796 3677 1855 3738 pro

228 3763 450 3846 recolligendis
478 3759 634 3830 universis
661 3755 827 3820 dominicis
856 3755 987 3836 perditis
1015 3753 1150 3815 ordibus
1180 3753 1234 3835 (n).

269 3881 352 3936 m
380 3873 470 3933 'Iunc
497 3865 664 3931 consulens
692 3862 732 3945 (o)
761 3862 844 3925 idem
873 3859 1073 3924 beatissimus
1101 3879 1186 3941 papa
1214 3861 1442 3942 omnipotentis
1470 3864 1526 3926 uei
1554 3865 1653 3927 nostri
1682 3867 1856 3931 misericor·

228 3979 325 4052 diam,
357 3995 501 4058 egressus
527 3979 575 4038 est
603 3971 643 4033 ab
672 3968 732 4032 hac
774 3971 919 4031 Romana
958 3965 1037 4028 urbe
1079 3967 1120 4028 ad
1156 3967 1283 4029 beatum
1327 3970 1454 4030 Petrum
1497 3972 1688 4051 apostolum,
1733 3973 1855 4037 decimo

230 4091 345 4168 quarto
375 4085 425 4146 die
454 4081 569 4146 mensis
595 4075 750 4152 Octobris,
779 4073 950 4138 indictione
978 4073 1133 4154 sepuma3
1163 4074 1263 4136 secuti
1290 4079 1365 4136 suut
1392 4095 1464 4138 eum
1493 4075 1600 4157 plures
1637 4082 1854 4143 Romanorum

230 4197 263 4256 et
289 4197 473 4256 catenarum
501 4188 663 4252 civitatum
692 4183 812 4266 populi,
842 4181 953 4244 tientes
978 4179 1212 4261 ululantesque,
1242 4186 1274 4242 et
1300 4199 1504 4263 nequaquam
1533 4201 1605 4246 eum
1638 4186 1763 4266 penitus
1793 4206 1857 4258 am,

182 4300 339 4362 5bulare
373 4297 531 4361 daebant.
562 4294 621 4367 Oui
658 4289 805 4354 videlicet
838 4288 1055 4350 sanctissimus
1092 4287 1152 4363 vir,
1179 4307 1247 4350 sese
1281 4287 1313 4349 in
1351 4289 1408 4350 liei
1439 4290 1558 4353 virtute
1593 4297 1625 4354 et
1659 4295 1856 4373 protectione

229 4411 347 4470 sanctae
371 4405 429 4468 Ilei
459 4399 624 4466 Genitricis
652 4404 683 4460 ct
710 4397 877 4460 beatarum
906 4395 1084 4476 principum
1105 4381 1334 4476 ¹apostolorum
1375 4397 1549 4472 confidens,
1586 4405 1769 4462 constanter
1798 4421 1856 4484 pro

228 4513 331 4578 salute
358 4511 513 4583 omnium,
544 4507 618 4572 ilcet
648 4503 834 4568 infirmitate
860 4501 1001 4583 corporis
1029 4501 1187 4575 detentus,
1211 4501 1404 4565 laboriosum
1432 4521 1599 4584 aggressus
1626 4511 1673 4566 est
1698 4507 1770 4582 iter,
1784 4525 1858 4571 con·

234 4621 355 4684 sonans
383 4623 479 4699 atque
504 4611 730 4678 commendans
754 4613 900 4673 cunctam
929 4607 1126 4671 Dominicam
1156 4609 1280 4689 plebem
1307 4607 1392 4670 bono
1421 4610 1541 4689 pastori
1566 4611 1702 4674 Domino
1736 4621 1855 4693 nostro,

162 4729 209 4792 l0
231 4731 263 4790 ct
290 4727 456 4789 bealorum
478 4721 693 4804 apostolorum
722 4715 856 4798 principi
882 4718 987 4778 Petro.
1014 4717 1055 4777 Et
1083 4733 1246 4777 assumens
1269 4733 1375 4778 secum
1404 4735 1443 4777 on
1469 4715 1531 4779 bac
1571 4725 1683 4780 sancta
1718 4721 1858 4786 Ecclesia

228 4833 275 4916 (p)
303 4832 457 4913 quosdam
486 4827 675 4901 sacerdotes,
704 4843 851 4906 proceres
878 4824 973 4886 etiam
1002 4829 1036 4885 ct
1072 4828 1201 4886 caeteros
1230 4822 1414 4885 clericorum
1451 4825 1581 4900 ordinis,
1610 4845 1731 4890 necnon
1760 4834 1792 4892 ct
1820 4849 1859 4893 ex

231 4941 352 5006 militine
379 4937 597 5019 optimatibus,
625 4933 750 4996 Christo
783 4929 914 5012 praeviu,
946 4936 1084 5011 coeptum
1119 4935 1305 5011 prosecutus
1332 4934 1380 4992 est
1415 4932 1484 5005 iter,
1516 4949 1664 5014 magnam
1701 4935 1748 4997 illi
1785 4937 1857 5002 cosli

233 5047 433 5112 serenitatem
461 5043 597 5108 Domino
624 5040 658 5102 in
688 5039 757 5121 ipsc
785 5037 898 5100 itinere
926 5037 1097 5099 tribuente.

274 5161 358 5218 m
386 5153 486 5232 Ithur
513 5149 728 5230 conjungente
755 5163 793 5210 eo
822 5147 888 5208 lere
914 5144 1193 5226 quadragesimum
1220 5144 1402 5207 milliarium
1437 5147 1718 5226 Langobardorum
1747 5149 1858 5211 finium

235 5259 277 5344 (q)
307 5261 339 5324 ia
368 5277 433 5324 une
461 5257 601 5322 noctium
632 5256 758 5338 signum
786 5253 820 5316 in
843 5251 929 5316 *cmlc
958 5267 1107 5331 magnum
1137 5252 1295 5333 apparuit,
1323 5253 1417 5334 quasi
1442 5253 1556 5333 globus
1583 5256 1696 5336 igneus
1725 5255 1766 5318 sd
1784 5273 1858 5336 pnr-

742 5447 868 5496 aarum
888 5444 1080 5494 annumeras
1099 5446 1265 5494 FABRO'FFI.

184 5601 231 5683 (ql
247 5599 281 5670 B,
298 5596 409 5656 civibus
428 5595 467 5668 (b)
481 5592 646 5677 esercbata.
664 5591 874 5675 appreciarem
887 5589 929 5674 ιι)
940 5587 1040 5645 Adbuc
1052 5588 1140 5644 etiem
1156 5605 1225 5646 uon.
1242 5589 1415 5686 (e)ll,pulde.
1424 5591 1503 5673 Ι(133,
1510 5590 1641 5662 peremit,
1656 5589 1773 5674 scilicet
1811 5593 1858 5671 tn,

140 5667 538 5816 susurretur?
547 5663 861 5814 terruerat
868 5587 1192 5810 baratarii·
1199 5661 1858 5811 secrctamsecretam:
