<?xml version="1.0" encoding="UTF-8"?>
<!DOCTYPE html PUBLIC "-//W3C//DTD XHTML 1.0 Transitional//EN"
    "http://www.w3.org/TR/xhtml1/DTD/xhtml1-transitional.dtd">
<html xmlns="http://www.w3.org/1999/xhtml" xml:lang="en" lang="en">
 <head>
  <title>
</title>
<meta http-equiv="Content-Type" content="text/html;charset=utf-8" />
  <meta name='ocr-system' content='tesseract 3.04.00' />
  <meta name='ocr-capabilities' content='ocr_page ocr_carea ocr_par ocr_line ocrx_word'/>
</head>
<body>
  <div class='ocr_page' id='page_1' title='image "./patrologiaecurs94unkngoog/patrologiaecurs94unkngoog_0494.png"; bbox 0 0 4048 6174; ppageno 0'>
   <div class='ocr_carea' id='block_1_1' title="bbox 154 186 1869 272">
    <p class='ocr_par' dir='ltr' id='par_1_1' title="bbox 154 186 1869 272">
     <span class='ocr_line' id='line_1_1' title="bbox 154 186 1869 272; baseline 0.015 -24"><span class='ocrx_word' id='word_1_1' title='bbox 154 186 223 249; x_wconf 66' lang='lat' dir='ltr'><strong>D&#39;i&#39;i</strong></span> <span class='ocrx_word' id='word_1_2' title='bbox 490 189 676 254; x_wconf 76' lang='lat' dir='ltr'><strong>HISTORIA</strong></span> <span class='ocrx_word' id='word_1_3' title='bbox 697 190 748 253; x_wconf 80' lang='lat' dir='ltr'><strong>ee</strong></span> <span class='ocrx_word' id='word_1_4' title='bbox 771 191 869 254; x_wconf 78' lang='lat' dir='ltr'><strong>virts</strong></span> <span class='ocrx_word' id='word_1_5' title='bbox 892 191 987 255; x_wconf 86' lang='grc'>11011.</span> <span class='ocrx_word' id='word_1_6' title='bbox 1010 193 1126 256; x_wconf 80' lang='lat' dir='ltr'><strong>PON&#39;l&#39;.</strong></span> <span class='ocrx_word' id='word_1_7' title='bbox 1142 227 1181 242; x_wconf 88' lang='lat'>-</span> <span class='ocrx_word' id='word_1_8' title='bbox 1202 196 1236 258; x_wconf 88' lang='lat' dir='ltr'><strong>S.</strong></span> <span class='ocrx_word' id='word_1_9' title='bbox 1260 197 1481 264; x_wconf 75' lang='lat' dir='ltr'><strong>caecemus</strong></span> <span class='ocrx_word' id='word_1_10' title='bbox 1503 201 1542 264; x_wconf 93' lang='grc'><strong>11.</strong></span> <span class='ocrx_word' id='word_1_11' title='bbox 1808 207 1869 272; x_wconf 78' lang='lat' dir='ltr'><strong>ere</strong></span> 
     </span>
    </p>
   </div>
   <div class='ocr_carea' id='block_1_2' title="bbox 147 322 1932 5385">
    <p class='ocr_par' dir='ltr' id='par_1_2' title="bbox 147 322 1932 5385">
     <span class='ocr_line' id='line_1_2' title="bbox 237 322 1866 423; baseline 0.012 -37"><span class='ocrx_word' id='word_1_12' title='bbox 237 341 307 390; x_wconf 85' lang='lat' dir='ltr'><strong>sese</strong></span> <span class='ocrx_word' id='word_1_13' title='bbox 328 341 384 406; x_wconf 81' lang='lat' dir='ltr'><strong>par</strong></span> <span class='ocrx_word' id='word_1_14' title='bbox 405 322 595 405; x_wconf 72' lang='lat' dir='ltr'><strong>campestria</strong></span> <span class='ocrx_word' id='word_1_15' title='bbox 615 323 723 398; x_wconf 89' lang='lat' dir='ltr'><strong>dedit;</strong></span> <span class='ocrx_word' id='word_1_16' title='bbox 745 323 899 388; x_wconf 83' lang='lat' dir='ltr'><strong>intumuit</strong></span> <span class='ocrx_word' id='word_1_17' title='bbox 920 325 1016 390; x_wconf 89' lang='lat' dir='ltr'><strong>ctiam</strong></span> <span class='ocrx_word' id='word_1_18' title='bbox 1038 327 1245 394; x_wconf 80' lang='lat' dir='ltr'><strong>intrudatiene</strong></span> <span class='ocrx_word' id='word_1_19' title='bbox 1266 348 1421 412; x_wconf 89' lang='lat' dir='ltr'><strong>aquarum</strong></span> <span class='ocrx_word' id='word_1_20' title='bbox 1443 335 1629 414; x_wconf 89' lang='lat' dir='ltr'><strong>multarum,</strong></span> <span class='ocrx_word' id='word_1_21' title='bbox 1652 343 1684 400; x_wconf 91' lang='lat' dir='ltr'><strong>et</strong></span> <span class='ocrx_word' id='word_1_22' title='bbox 1712 356 1769 422; x_wconf 92' lang='lat' dir='ltr'><strong>per</strong></span> <span class='ocrx_word' id='word_1_23' title='bbox 1790 359 1866 423; x_wconf 90' lang='lat' dir='ltr'><strong>per·</strong></span> 
     </span>
     <span class='ocr_line' id='line_1_3' title="bbox 243 437 1867 534; baseline 0.011 -32"><span class='ocrx_word' id='word_1_24' title='bbox 243 445 309 502; x_wconf 84' lang='lat' dir='ltr'><strong>tarn</strong></span> <span class='ocrx_word' id='word_1_25' title='bbox 340 457 412 534; x_wconf 79' lang='lat' dir='ltr'><strong>quas</strong></span> <span class='ocrx_word' id='word_1_26' title='bbox 440 437 596 502; x_wconf 84' lang='lat' dir='ltr'><strong>Flaminia</strong></span> <span class='ocrx_word' id='word_1_27' title='bbox 623 438 738 502; x_wconf 90' lang='lat' dir='ltr'><strong>dicitur</strong></span> <span class='ocrx_word' id='word_1_28' title='bbox 767 440 927 520; x_wconf 81' lang='lat' dir='ltr'><strong>ingressus</strong></span> <span class='ocrx_word' id='word_1_29' title='bbox 945 441 994 523; x_wconf 83' lang='grc' dir='ltr'><strong>(α)</strong></span> <span class='ocrx_word' id='word_1_30' title='bbox 1016 447 1074 504; x_wconf 89' lang='lat' dir='ltr'><strong>est.</strong></span> <span class='ocrx_word' id='word_1_31' title='bbox 1094 445 1303 506; x_wconf 79' lang='lat' dir='ltr'><strong>Transcendit</strong></span> <span class='ocrx_word' id='word_1_32' title='bbox 1333 446 1453 510; x_wconf 89' lang='lat' dir='ltr'><strong>interea</strong></span> <span class='ocrx_word' id='word_1_33' title='bbox 1483 451 1640 532; x_wconf 79' lang='lat' dir='ltr'><strong>aliquibus</strong></span> <span class='ocrx_word' id='word_1_34' title='bbox 1669 453 1702 516; x_wconf 90' lang='lat' dir='ltr'><strong>ie</strong></span> <span class='ocrx_word' id='word_1_35' title='bbox 1732 454 1808 520; x_wconf 90' lang='lat' dir='ltr'><strong>leuis</strong></span> <span class='ocrx_word' id='word_1_36' title='bbox 1835 461 1867 520; x_wconf 89' lang='lat' dir='ltr'><strong>et</strong></span> 
     </span>
     <span class='ocr_line' id='line_1_4' title="bbox 243 555 1864 642; baseline 0.01 -24"><span class='ocrx_word' id='word_1_37' title='bbox 243 555 469 629; x_wconf 86' lang='lat' dir='ltr'><strong>murosurbis,</strong></span> <span class='ocrx_word' id='word_1_38' title='bbox 492 555 878 635; x_wconf 88' lang='lat' dir='ltr'><strong>atqueultrabasilicam</strong></span> <span class='ocrx_word' id='word_1_39' title='bbox 911 559 1011 620; x_wconf 89' lang='lat' dir='ltr'><strong>sancti</strong></span> <span class='ocrx_word' id='word_1_40' title='bbox 1041 560 1138 621; x_wconf 89' lang='lat' dir='ltr'><strong>blnrci</strong></span> <span class='ocrx_word' id='word_1_41' title='bbox 1169 579 1225 642; x_wconf 92' lang='lat' dir='ltr'><strong>per</strong></span> <span class='ocrx_word' id='word_1_42' title='bbox 1247 561 1366 642; x_wconf 76' lang='lat' dir='ltr'>plateas</span> <span class='ocrx_word' id='word_1_43' title='bbox 1390 582 1423 625; x_wconf 90' lang='lat' dir='ltr'><strong>sc</strong></span> <span class='ocrx_word' id='word_1_44' title='bbox 1454 568 1606 642; x_wconf 82' lang='lat' dir='ltr'><strong>extendit,</strong></span> <span class='ocrx_word' id='word_1_45' title='bbox 1628 570 1674 630; x_wconf 89' lang='lat' dir='ltr'><strong>ita</strong></span> <span class='ocrx_word' id='word_1_46' title='bbox 1704 576 1738 633; x_wconf 90' lang='lat' dir='ltr'><strong>ut</strong></span> <span class='ocrx_word' id='word_1_47' title='bbox 1758 571 1790 634; x_wconf 94' lang='lat' dir='ltr'><strong>in</strong></span> <span class='ocrx_word' id='word_1_48' title='bbox 1812 572 1864 635; x_wconf 85' lang='lat' dir='ltr'><strong>via</strong></span> 
     </span>
     <span class='ocr_line' id='line_1_5' title="bbox 202 671 1864 767; baseline 0.01 -33"><span class='ocrx_word' id='word_1_49' title='bbox 202 675 320 735; x_wconf 74' lang='lat' dir='ltr'><strong>blata</strong></span> <span class='ocrx_word' id='word_1_50' title='bbox 350 671 390 744; x_wconf 82' lang='lat' dir='ltr'><strong>ed</strong></span> <span class='ocrx_word' id='word_1_51' title='bbox 420 690 517 736; x_wconf 90' lang='lat' dir='ltr'><strong>unam</strong></span> <span class='ocrx_word' id='word_1_52' title='bbox 539 677 571 734; x_wconf 89' lang='lat' dir='ltr'><strong>et</strong></span> <span class='ocrx_word' id='word_1_53' title='bbox 591 672 684 734; x_wconf 88' lang='lat' dir='ltr'><strong>semis</strong></span> <span class='ocrx_word' id='word_1_54' title='bbox 716 678 870 736; x_wconf 89' lang='lat' dir='ltr'><strong>staturam</strong></span> <span class='ocrx_word' id='word_1_55' title='bbox 904 693 1021 755; x_wconf 85' lang='lat' dir='ltr'><strong>aquarn</strong></span> <span class='ocrx_word' id='word_1_56' title='bbox 1052 675 1192 756; x_wconf 87' lang='lat' dir='ltr'><strong>ejusdem</strong></span> <span class='ocrx_word' id='word_1_57' title='bbox 1225 677 1363 740; x_wconf 91' lang='lat' dir='ltr'><strong>lluminis</strong></span> <span class='ocrx_word' id='word_1_58' title='bbox 1393 681 1592 758; x_wconf 85' lang='lat' dir='ltr'><strong>excrevisset,</strong></span> <span class='ocrx_word' id='word_1_59' title='bbox 1615 690 1710 766; x_wconf 88' lang='lat' dir='ltr'><strong>atque</strong></span> <span class='ocrx_word' id='word_1_60' title='bbox 1732 704 1751 747; x_wconf 92' lang='lat' dir='ltr'><strong>a</strong></span> <span class='ocrx_word' id='word_1_61' title='bbox 1771 693 1864 767; x_wconf 88' lang='lat' dir='ltr'><strong>perta</strong></span> 
     </span>
     <span class='ocr_line' id='line_1_6' title="bbox 241 788 1863 878; baseline 0.007 -26"><span class='ocrx_word' id='word_1_62' title='bbox 241 789 327 864; x_wconf 81' lang='lat' dir='ltr'><strong>bapti</strong></span> <span class='ocrx_word' id='word_1_63' title='bbox 346 788 432 852; x_wconf 89' lang='lat' dir='ltr'><strong>Petri</strong></span> <span class='ocrx_word' id='word_1_64' title='bbox 452 788 588 868; x_wconf 88' lang='lat' dir='ltr'><strong>apostoli</strong></span> <span class='ocrx_word' id='word_1_65' title='bbox 610 807 709 868; x_wconf 90' lang='lat' dir='ltr'><strong>usque</strong></span> <span class='ocrx_word' id='word_1_66' title='bbox 740 788 780 850; x_wconf 88' lang='lat' dir='ltr'><strong>ad</strong></span> <span class='ocrx_word' id='word_1_67' title='bbox 812 795 940 870; x_wconf 91' lang='lat' dir='ltr'><strong>pentem</strong></span> <span class='ocrx_word' id='word_1_68' title='bbox 961 791 1102 854; x_wconf 86' lang='lat' dir='ltr'><strong>lllilvium</strong></span> <span class='ocrx_word' id='word_1_69' title='bbox 1134 811 1225 873; x_wconf 76' lang='lat' dir='ltr'><strong>aquae</strong></span> <span class='ocrx_word' id='word_1_70' title='bbox 1255 813 1287 856; x_wconf 88' lang='lat' dir='ltr'><strong>se</strong></span> <span class='ocrx_word' id='word_1_71' title='bbox 1309 795 1534 870; x_wconf 79' lang='lat' dir='ltr'><strong>distenderent,</strong></span> <span class='ocrx_word' id='word_1_72' title='bbox 1557 803 1589 859; x_wconf 91' lang='lat' dir='ltr'><strong>et</strong></span> <span class='ocrx_word' id='word_1_73' title='bbox 1609 797 1704 878; x_wconf 86' lang='lat' dir='ltr'><strong>juxta</strong></span> <span class='ocrx_word' id='word_1_74' title='bbox 1733 802 1863 864; x_wconf 88' lang='lat' dir='ltr'><strong>remissa</strong></span> 
     </span>
     <span class='ocr_line' id='line_1_7' title="bbox 240 903 1863 994; baseline 0.008 -27"><span class='ocrx_word' id='word_1_75' title='bbox 240 907 272 968; x_wconf 91' lang='lat' dir='ltr'><strong>in</strong></span> <span class='ocrx_word' id='word_1_76' title='bbox 294 903 392 986; x_wconf 89' lang='lat' dir='ltr'><strong>ipsius</strong></span> <span class='ocrx_word' id='word_1_77' title='bbox 415 903 554 972; x_wconf 75' lang='lat' dir='ltr'><strong>fluminis</strong></span> <span class='ocrx_word' id='word_1_78' title='bbox 583 904 707 966; x_wconf 90' lang='lat' dir='ltr'><strong>alveum</strong></span> <span class='ocrx_word' id='word_1_79' title='bbox 738 922 771 966; x_wconf 90' lang='lat' dir='ltr'><strong>se</strong></span> <span class='ocrx_word' id='word_1_80' title='bbox 793 903 880 966; x_wconf 92' lang='lat' dir='ltr'><strong>dedit</strong></span> <span class='ocrx_word' id='word_1_81' title='bbox 899 904 943 987; x_wconf 82' lang='lat' dir='ltr'><strong>(d)</strong></span> <span class='ocrx_word' id='word_1_82' title='bbox 963 907 1080 970; x_wconf 80' lang='lat' dir='ltr'><strong>Demm</strong></span> <span class='ocrx_word' id='word_1_83' title='bbox 1102 908 1209 988; x_wconf 90' lang='lat' dir='ltr'><strong>itaque</strong></span> <span class='ocrx_word' id='word_1_84' title='bbox 1231 910 1353 984; x_wconf 82' lang='lat' dir='ltr'><strong>evertit,</strong></span> <span class='ocrx_word' id='word_1_85' title='bbox 1376 929 1470 992; x_wconf 84' lang='lat' dir='ltr'><strong>agros</strong></span> <span class='ocrx_word' id='word_1_86' title='bbox 1500 912 1675 994; x_wconf 84' lang='lat' dir='ltr'><strong>dissiparit,</strong></span> <span class='ocrx_word' id='word_1_87' title='bbox 1699 915 1863 980; x_wconf 75' lang='lat' dir='ltr'>eradicans</span> 
     </span>
     <span class='ocr_line' id='line_1_8' title="bbox 238 1021 1860 1107; baseline 0.003 -19"><span class='ocrx_word' id='word_1_88' title='bbox 238 1021 368 1088; x_wconf 84' lang='lat' dir='ltr'><strong>arbusta</strong></span> <span class='ocrx_word' id='word_1_89' title='bbox 397 1025 429 1083; x_wconf 89' lang='lat' dir='ltr'><strong>et</strong></span> <span class='ocrx_word' id='word_1_90' title='bbox 462 1024 593 1100; x_wconf 76' lang='lat' dir='ltr'><strong>segetes.</strong></span> <span class='ocrx_word' id='word_1_91' title='bbox 618 1022 697 1082; x_wconf 85' lang='lat' dir='ltr'><strong>Nam</strong></span> <span class='ocrx_word' id='word_1_92' title='bbox 729 1038 786 1082; x_wconf 91' lang='lat' dir='ltr'><strong>nec</strong></span> <span class='ocrx_word' id='word_1_93' title='bbox 816 1039 919 1084; x_wconf 81' lang='lat' dir='ltr'><strong>serere</strong></span> <span class='ocrx_word' id='word_1_94' title='bbox 952 1021 1021 1102; x_wconf 88' lang='lat' dir='ltr'><strong>ipse</strong></span> <span class='ocrx_word' id='word_1_95' title='bbox 1053 1024 1157 1103; x_wconf 91' lang='lat' dir='ltr'><strong>potuit</strong></span> <span class='ocrx_word' id='word_1_96' title='bbox 1187 1029 1330 1105; x_wconf 86' lang='lat' dir='ltr'><strong>tempore</strong></span> <span class='ocrx_word' id='word_1_97' title='bbox 1361 1044 1433 1107; x_wconf 87' lang='lat' dir='ltr'><strong>pars</strong></span> <span class='ocrx_word' id='word_1_98' title='bbox 1465 1027 1603 1090; x_wconf 82' lang='lat' dir='ltr'><strong>maxima</strong></span> <span class='ocrx_word' id='word_1_99' title='bbox 1632 1032 1860 1093; x_wconf 83' lang='lat' dir='ltr'><strong>Romanorum.</strong></span> 
     </span>
     <span class='ocr_line' id='line_1_9' title="bbox 240 1135 1861 1224; baseline 0.004 -23"><span class='ocrx_word' id='word_1_100' title='bbox 240 1141 302 1202; x_wconf 89' lang='lat' dir='ltr'><strong>Pro</strong></span> <span class='ocrx_word' id='word_1_101' title='bbox 324 1137 385 1200; x_wconf 92' lang='lat' dir='ltr'><strong>hee</strong></span> <span class='ocrx_word' id='word_1_102' title='bbox 414 1135 603 1200; x_wconf 79' lang='lat' dir='ltr'><strong>imminebat</strong></span> <span class='ocrx_word' id='word_1_103' title='bbox 636 1135 799 1198; x_wconf 87' lang='lat' dir='ltr'><strong>tribulatio</strong></span> <span class='ocrx_word' id='word_1_104' title='bbox 821 1154 947 1214; x_wconf 80' lang='lat' dir='ltr'><strong>magna.</strong></span> <span class='ocrx_word' id='word_1_105' title='bbox 972 1139 1032 1200; x_wconf 87' lang='lat' dir='ltr'><strong>Per</strong></span> <span class='ocrx_word' id='word_1_106' title='bbox 1065 1137 1131 1200; x_wconf 91' lang='lat' dir='ltr'><strong>dies</strong></span> <span class='ocrx_word' id='word_1_107' title='bbox 1162 1145 1267 1201; x_wconf 89' lang='lat' dir='ltr'><strong>autern</strong></span> <span class='ocrx_word' id='word_1_108' title='bbox 1303 1147 1423 1222; x_wconf 83' lang='lat' dir='ltr'><strong>septem</strong></span> <span class='ocrx_word' id='word_1_109' title='bbox 1454 1161 1538 1224; x_wconf 90' lang='lat' dir='ltr'><strong>aqua</strong></span> <span class='ocrx_word' id='word_1_110' title='bbox 1568 1146 1701 1206; x_wconf 87' lang='lat' dir='ltr'><strong>llemum</strong></span> <span class='ocrx_word' id='word_1_111' title='bbox 1734 1146 1861 1210; x_wconf 88' lang='lat' dir='ltr'><strong>tenebat</strong></span> 
     </span>
     <span class='ocr_line' id='line_1_10' title="bbox 170 1249 1860 1338; baseline 0.004 -20"><span class='ocrx_word' id='word_1_112' title='bbox 170 1258 217 1320; x_wconf 89' lang='grc'>10</span> <span class='ocrx_word' id='word_1_113' title='bbox 240 1271 415 1338; x_wconf 72' lang='lat' dir='ltr'><strong>peremere.</strong></span> <span class='ocrx_word' id='word_1_114' title='bbox 437 1253 465 1315; x_wconf 77' lang='lat' dir='ltr'>A</span> <span class='ocrx_word' id='word_1_115' title='bbox 486 1252 603 1314; x_wconf 84' lang='lat' dir='ltr'><strong>domno</strong></span> <span class='ocrx_word' id='word_1_116' title='bbox 624 1249 729 1332; x_wconf 88' lang='lat' dir='ltr'><strong>itaque</strong></span> <span class='ocrx_word' id='word_1_117' title='bbox 752 1270 835 1331; x_wconf 90' lang='lat' dir='ltr'><strong>papa</strong></span> <span class='ocrx_word' id='word_1_118' title='bbox 855 1249 981 1312; x_wconf 81' lang='lat' dir='ltr'><strong>letaniae</strong></span> <span class='ocrx_word' id='word_1_119' title='bbox 1002 1251 1112 1312; x_wconf 90' lang='lat' dir='ltr'><strong>erebro</strong></span> <span class='ocrx_word' id='word_1_120' title='bbox 1134 1251 1263 1316; x_wconf 81' lang='lat' dir='ltr'><strong>fiebunt.</strong></span> <span class='ocrx_word' id='word_1_121' title='bbox 1287 1255 1428 1336; x_wconf 83' lang='lat' dir='ltr'><strong>Cumque</strong></span> <span class='ocrx_word' id='word_1_122' title='bbox 1458 1257 1491 1320; x_wconf 93' lang='lat' dir='ltr'><strong>in</strong></span> <span class='ocrx_word' id='word_1_123' title='bbox 1513 1259 1657 1322; x_wconf 90' lang='lat' dir='ltr'><strong>eratione</strong></span> <span class='ocrx_word' id='word_1_124' title='bbox 1683 1265 1715 1324; x_wconf 89' lang='lat' dir='ltr'><strong>et</strong></span> <span class='ocrx_word' id='word_1_125' title='bbox 1736 1261 1860 1324; x_wconf 87' lang='lat' dir='ltr'><strong>letaniis</strong></span> 
     </span>
     <span class='ocr_line' id='line_1_11' title="bbox 238 1364 1860 1456; baseline 0.004 -24"><span class='ocrx_word' id='word_1_126' title='bbox 238 1369 430 1452; x_wconf 76' lang='lat' dir='ltr'><strong>persisteret,</strong></span> <span class='ocrx_word' id='word_1_127' title='bbox 453 1371 525 1448; x_wconf 88' lang='lat' dir='ltr'><strong>post</strong></span> <span class='ocrx_word' id='word_1_128' title='bbox 545 1370 691 1428; x_wconf 85' lang='lat' dir='ltr'><strong>octauum</strong></span> <span class='ocrx_word' id='word_1_129' title='bbox 718 1364 787 1446; x_wconf 91' lang='lat' dir='ltr'><strong>jam</strong></span> <span class='ocrx_word' id='word_1_130' title='bbox 818 1365 900 1428; x_wconf 90' lang='lat' dir='ltr'><strong>diem</strong></span> <span class='ocrx_word' id='word_1_131' title='bbox 932 1365 1078 1426; x_wconf 89' lang='lat' dir='ltr'><strong>misertus</strong></span> <span class='ocrx_word' id='word_1_132' title='bbox 1100 1369 1192 1443; x_wconf 85' lang='lat' dir='ltr'><strong>Deus,</strong></span> <span class='ocrx_word' id='word_1_133' title='bbox 1217 1386 1333 1448; x_wconf 89' lang='lat' dir='ltr'><strong>aquam</strong></span> <span class='ocrx_word' id='word_1_134' title='bbox 1363 1372 1494 1448; x_wconf 88' lang='lat' dir='ltr'><strong>amovit,</strong></span> <span class='ocrx_word' id='word_1_135' title='bbox 1517 1379 1549 1436; x_wconf 89' lang='lat' dir='ltr'><strong>et</strong></span> <span class='ocrx_word' id='word_1_136' title='bbox 1580 1373 1695 1437; x_wconf 84' lang='lat' dir='ltr'><strong>fluvius</strong></span> <span class='ocrx_word' id='word_1_137' title='bbox 1721 1376 1762 1440; x_wconf 89' lang='lat' dir='ltr'><strong>ad</strong></span> <span class='ocrx_word' id='word_1_138' title='bbox 1786 1393 1860 1456; x_wconf 95' lang='lat' dir='ltr'><strong>pro-</strong></span> 
     </span>
     <span class='ocr_line' id='line_1_12' title="bbox 235 1481 1118 1571; baseline -0.007 -23"><span class='ocrx_word' id='word_1_139' title='bbox 235 1486 523 1571; x_wconf 81' lang='lat' dir='ltr'><strong>prium&#39;regrcssus</strong></span> <span class='ocrx_word' id='word_1_140' title='bbox 544 1487 592 1546; x_wconf 89' lang='lat' dir='ltr'><strong>est</strong></span> <span class='ocrx_word' id='word_1_141' title='bbox 612 1481 736 1544; x_wconf 84' lang='lat' dir='ltr'><strong>alueum</strong></span> <span class='ocrx_word' id='word_1_142' title='bbox 759 1499 815 1563; x_wconf 87' lang='lat' dir='ltr'><strong>per</strong></span> <span class='ocrx_word' id='word_1_143' title='bbox 835 1499 877 1546; x_wconf 82' lang='lat' dir='ltr'><strong>xv</strong></span> <span class='ocrx_word' id='word_1_144' title='bbox 899 1481 1118 1544; x_wconf 86' lang='lat' dir='ltr'><strong>indictionem.</strong></span> 
     </span>
     <span class='ocr_line' id='line_1_13' title="bbox 280 1597 1858 1688; baseline 0.004 -25"><span class='ocrx_word' id='word_1_145' title='bbox 280 1611 357 1670; x_wconf 69' lang='lat'><strong>18¹</strong></span> <span class='ocrx_word' id='word_1_146' title='bbox 385 1603 560 1664; x_wconf 81' lang='lat' dir='ltr'><strong>Cumanum</strong></span> <span class='ocrx_word' id='word_1_147' title='bbox 582 1598 678 1660; x_wconf 89' lang='lat' dir='ltr'><strong>etiam</strong></span> <span class='ocrx_word' id='word_1_148' title='bbox 700 1603 837 1659; x_wconf 90' lang='lat' dir='ltr'><strong>castrum</strong></span> <span class='ocrx_word' id='word_1_149' title='bbox 859 1597 928 1679; x_wconf 91' lang='lat' dir='ltr'><strong>ipso</strong></span> <span class='ocrx_word' id='word_1_150' title='bbox 949 1599 1053 1660; x_wconf 85' lang='lat' dir='ltr'><strong>tuerat</strong></span> <span class='ocrx_word' id='word_1_151' title='bbox 1075 1603 1215 1680; x_wconf 89' lang='lat' dir='ltr'><strong>tempere</strong></span> <span class='ocrx_word' id='word_1_152' title='bbox 1237 1618 1256 1660; x_wconf 88' lang='lat' dir='ltr'><strong>a</strong></span> <span class='ocrx_word' id='word_1_153' title='bbox 1276 1601 1493 1680; x_wconf 79' lang='lat' dir='ltr'><strong>Langobardis</strong></span> <span class='ocrx_word' id='word_1_154' title='bbox 1525 1603 1609 1686; x_wconf 90' lang='lat' dir='ltr'><strong>pacis</strong></span> <span class='ocrx_word' id='word_1_155' title='bbox 1640 1605 1714 1668; x_wconf 94' lang='lat' dir='ltr'><strong>dole</strong></span> <span class='ocrx_word' id='word_1_156' title='bbox 1746 1625 1858 1688; x_wconf 90' lang='lat' dir='ltr'><strong>pervu-</strong></span> 
     </span>
     <span class='ocr_line' id='line_1_14' title="bbox 235 1711 1858 1801; baseline 0.001 -19"><span class='ocrx_word' id='word_1_157' title='bbox 235 1741 318 1788; x_wconf 85' lang='lat' dir='ltr'><strong>sum.</strong></span> <span class='ocrx_word' id='word_1_158' title='bbox 342 1720 411 1792; x_wconf 84' lang='lat' dir='ltr'><strong>Ouo</strong></span> <span class='ocrx_word' id='word_1_159' title='bbox 431 1715 539 1776; x_wconf 91' lang='lat' dir='ltr'><strong>audito</strong></span> <span class='ocrx_word' id='word_1_160' title='bbox 561 1731 671 1776; x_wconf 89' lang='lat' dir='ltr'><strong>omnes</strong></span> <span class='ocrx_word' id='word_1_161' title='bbox 700 1717 791 1774; x_wconf 88' lang='lat' dir='ltr'><strong>sunt·</strong></span> <span class='ocrx_word' id='word_1_162' title='bbox 808 1712 922 1774; x_wconf 83' lang='lat' dir='ltr'><strong>redditi</strong></span> <span class='ocrx_word' id='word_1_163' title='bbox 944 1711 1057 1774; x_wconf 76' lang='lat' dir='ltr'><strong>tristes</strong></span> <span class='ocrx_word' id='word_1_164' title='bbox 1080 1713 1261 1776; x_wconf 84' lang='lat' dir='ltr'><strong>Adlrortans</strong></span> <span class='ocrx_word' id='word_1_165' title='bbox 1283 1715 1376 1778; x_wconf 88' lang='lat' dir='ltr'><strong>ctiam</strong></span> <span class='ocrx_word' id='word_1_166' title='bbox 1408 1719 1623 1782; x_wconf 85' lang='lat' dir='ltr'><strong>sanctissimus</strong></span> <span class='ocrx_word' id='word_1_167' title='bbox 1650 1721 1803 1801; x_wconf 76' lang='lat' dir='ltr'><strong>pontifex,</strong></span> <span class='ocrx_word' id='word_1_168' title='bbox 1826 1727 1858 1784; x_wconf 91' lang='lat' dir='ltr'><strong>et</strong></span> 
     </span>
     <span class='ocr_line' id='line_1_15' title="bbox 233 1827 1856 1910; baseline 0 -12"><span class='ocrx_word' id='word_1_169' title='bbox 233 1851 440 1904; x_wconf 83' lang='lat' dir='ltr'><strong>commonens</strong></span> <span class='ocrx_word' id='word_1_170' title='bbox 460 1828 686 1910; x_wconf 81' lang='lat' dir='ltr'><strong>Langobardos</strong></span> <span class='ocrx_word' id='word_1_171' title='bbox 718 1832 752 1888; x_wconf 92' lang='lat' dir='ltr'><strong>ut</strong></span> <span class='ocrx_word' id='word_1_172' title='bbox 780 1827 957 1902; x_wconf 88' lang='lat' dir='ltr'><strong>redderent,</strong></span> <span class='ocrx_word' id='word_1_173' title='bbox 981 1827 1036 1907; x_wconf 92' lang='lat' dir='ltr'><strong>qui</strong></span> <span class='ocrx_word' id='word_1_174' title='bbox 1066 1828 1092 1888; x_wconf 89' lang='lat' dir='ltr'><strong>si</strong></span> <span class='ocrx_word' id='word_1_175' title='bbox 1123 1847 1186 1890; x_wconf 91' lang='lat' dir='ltr'><strong>non</strong></span> <span class='ocrx_word' id='word_1_176' title='bbox 1217 1830 1464 1910; x_wconf 81' lang='lat' dir='ltr'><strong>acquiescerent,</strong></span> <span class='ocrx_word' id='word_1_177' title='bbox 1488 1834 1520 1894; x_wconf 92' lang='lat' dir='ltr'><strong>in</strong></span> <span class='ocrx_word' id='word_1_178' title='bbox 1551 1834 1630 1894; x_wconf 88' lang='lat' dir='ltr'><strong>iram</strong></span> <span class='ocrx_word' id='word_1_179' title='bbox 1663 1853 1695 1896; x_wconf 93' lang='lat' dir='ltr'><strong>se</strong></span> <span class='ocrx_word' id='word_1_180' title='bbox 1718 1835 1856 1900; x_wconf 81' lang='lat' dir='ltr'><strong>divinam</strong></span> 
     </span>
     <span class='ocr_line' id='line_1_16' title="bbox 231 1941 1859 2030; baseline -0.004 -10"><span class='ocrx_word' id='word_1_181' title='bbox 231 1953 372 2020; x_wconf 88' lang='lat' dir='ltr'><strong>incidere</strong></span> <span class='ocrx_word' id='word_1_182' title='bbox 390 1967 449 2030; x_wconf 83' lang='lat' dir='ltr'><strong>pro</strong></span> <span class='ocrx_word' id='word_1_183' title='bbox 469 1946 544 2010; x_wconf 90' lang='lat' dir='ltr'><strong>dele</strong></span> <span class='ocrx_word' id='word_1_184' title='bbox 566 1963 660 2026; x_wconf 91' lang='lat' dir='ltr'><strong>quem</strong></span> <span class='ocrx_word' id='word_1_185' title='bbox 681 1945 833 2020; x_wconf 78' lang='lat' dir='ltr'><strong>fecerant,</strong></span> <span class='ocrx_word' id='word_1_186' title='bbox 855 1943 920 2004; x_wconf 89' lang='lat' dir='ltr'><strong>suis</strong></span> <span class='ocrx_word' id='word_1_187' title='bbox 941 1941 1065 2022; x_wconf 90' lang='lat' dir='ltr'><strong>scriptis</strong></span> <span class='ocrx_word' id='word_1_188' title='bbox 1086 1943 1303 2018; x_wconf 84' lang='lat' dir='ltr'><strong>‹letestubatur</strong></span> <span class='ocrx_word' id='word_1_189' title='bbox 1325 1943 1385 2026; x_wconf 87' lang='lat' dir='ltr'><strong>(c);</strong></span> <span class='ocrx_word' id='word_1_190' title='bbox 1409 1965 1482 2008; x_wconf 90' lang='lat' dir='ltr'><strong>uum</strong></span> <span class='ocrx_word' id='word_1_191' title='bbox 1504 1952 1535 2008; x_wconf 90' lang='lat' dir='ltr'><strong>ct</strong></span> <span class='ocrx_word' id='word_1_192' title='bbox 1557 1966 1689 2009; x_wconf 89' lang='lat' dir='ltr'><strong>munera</strong></span> <span class='ocrx_word' id='word_1_193' title='bbox 1717 1950 1761 2012; x_wconf 92' lang='lat' dir='ltr'><strong>eis</strong></span> <span class='ocrx_word' id='word_1_194' title='bbox 1783 1951 1859 2014; x_wconf 90' lang='lat' dir='ltr'><strong>darc</strong></span> 
     </span>
     <span class='ocr_line' id='line_1_17' title="bbox 190 2057 1857 2140; baseline -0.006 -2"><span class='ocrx_word' id='word_1_195' title='bbox 190 2079 269 2138; x_wconf 83' lang='lat' dir='ltr'><strong>eut</strong></span> <span class='ocrx_word' id='word_1_196' title='bbox 290 2068 490 2134; x_wconf 85' lang='lat' dir='ltr'><strong>restituerent</strong></span> <span class='ocrx_word' id='word_1_197' title='bbox 510 2062 611 2124; x_wconf 76' lang='lat' dir='ltr'><strong>volarit</strong></span> <span class='ocrx_word' id='word_1_198' title='bbox 641 2059 751 2135; x_wconf 88' lang='lat' dir='ltr'><strong>multa,</strong></span> <span class='ocrx_word' id='word_1_199' title='bbox 775 2059 830 2120; x_wconf 90' lang='lat' dir='ltr'><strong>scd</strong></span> <span class='ocrx_word' id='word_1_200' title='bbox 851 2057 897 2120; x_wconf 93' lang='lat' dir='ltr'><strong>illi</strong></span> <span class='ocrx_word' id='word_1_201' title='bbox 919 2057 1044 2139; x_wconf 72' lang='lat' dir='ltr'><strong>turgida</strong></span> <span class='ocrx_word' id='word_1_202' title='bbox 1074 2063 1179 2120; x_wconf 89' lang='lat' dir='ltr'><strong>mente</strong></span> <span class='ocrx_word' id='word_1_203' title='bbox 1210 2078 1312 2140; x_wconf 88' lang='lat' dir='ltr'><strong>nequo</strong></span> <span class='ocrx_word' id='word_1_204' title='bbox 1344 2061 1471 2122; x_wconf 79' lang='lat' dir='ltr'><strong>rrecnitis</strong></span> <span class='ocrx_word' id='word_1_205' title='bbox 1501 2063 1611 2124; x_wconf 90' lang='lat' dir='ltr'><strong>audire</strong></span> <span class='ocrx_word' id='word_1_206' title='bbox 1639 2082 1695 2126; x_wconf 86' lang='lat' dir='ltr'><strong>nec</strong></span> <span class='ocrx_word' id='word_1_207' title='bbox 1726 2065 1857 2128; x_wconf 85' lang='lat' dir='ltr'><strong>reddere</strong></span> 
     </span>
     <span class='ocr_line' id='line_1_18' title="bbox 232 2173 1854 2266; baseline -0.001 -22"><span class='ocrx_word' id='word_1_208' title='bbox 232 2192 309 2252; x_wconf 68' lang='lat' dir='ltr'><strong>aunt</strong></span> <span class='ocrx_word' id='word_1_209' title='bbox 329 2181 413 2266; x_wconf 83' lang='lat' dir='ltr'><strong>passi</strong></span> <span class='ocrx_word' id='word_1_210' title='bbox 436 2177 490 2262; x_wconf 80' lang='lat' dir='ltr'><strong>(d).</strong></span> <span class='ocrx_word' id='word_1_211' title='bbox 513 2176 603 2242; x_wconf 90' lang='lat' dir='ltr'><strong>Unde</strong></span> <span class='ocrx_word' id='word_1_212' title='bbox 626 2173 719 2235; x_wconf 93' lang='lat' dir='ltr'><strong>nimis</strong></span> <span class='ocrx_word' id='word_1_213' title='bbox 749 2173 832 2234; x_wconf 91' lang='lat' dir='ltr'><strong>idem</strong></span> <span class='ocrx_word' id='word_1_214' title='bbox 854 2179 981 2234; x_wconf 89' lang='lat' dir='ltr'><strong>sanutus</strong></span> <span class='ocrx_word' id='word_1_215' title='bbox 1010 2173 1145 2236; x_wconf 91' lang='lat' dir='ltr'><strong>indoluit</strong></span> <span class='ocrx_word' id='word_1_216' title='bbox 1167 2174 1319 2254; x_wconf 77' lang='lat' dir='ltr'><strong>ptentilex,</strong></span> <span class='ocrx_word' id='word_1_217' title='bbox 1336 2193 1466 2256; x_wconf 90' lang='lat' dir='ltr'><strong>seseque</strong></span> <span class='ocrx_word' id='word_1_218' title='bbox 1484 2177 1552 2257; x_wconf 89' lang='lat' dir='ltr'><strong>spei</strong></span> <span class='ocrx_word' id='word_1_219' title='bbox 1573 2179 1706 2240; x_wconf 88' lang='lat' dir='ltr'><strong>contulit</strong></span> <span class='ocrx_word' id='word_1_220' title='bbox 1728 2179 1854 2256; x_wconf 77' lang='lat' dir='ltr'><strong>divine,</strong></span> 
     </span>
     <span class='ocr_line' id='line_1_19' title="bbox 225 2269 1858 2386; baseline -0.002 -25"><span class='ocrx_word' id='word_1_221' title='bbox 225 2313 332 2386; x_wconf 71' lang='lat' dir='ltr'><strong>,atque</strong></span> <span class='ocrx_word' id='word_1_222' title='bbox 358 2301 391 2362; x_wconf 92' lang='lat' dir='ltr'><strong>in</strong></span> <span class='ocrx_word' id='word_1_223' title='bbox 422 2294 599 2358; x_wconf 83' lang='lat' dir='ltr'><strong>munitione</strong></span> <span class='ocrx_word' id='word_1_224' title='bbox 627 2269 715 2356; x_wconf 80' lang='lat' dir='ltr'><strong>ducis</strong></span> <span class='ocrx_word' id='word_1_225' title='bbox 745 2288 947 2368; x_wconf 80' lang='lat' dir='ltr'><strong>Neapolitani</strong></span> <span class='ocrx_word' id='word_1_226' title='bbox 966 2293 999 2350; x_wconf 89' lang='lat' dir='ltr'><strong>et</strong></span> <span class='ocrx_word' id='word_1_227' title='bbox 1029 2270 1139 2370; x_wconf 86' lang='lat' dir='ltr'><strong>pepuli</strong></span> <span class='ocrx_word' id='word_1_228' title='bbox 1168 2307 1294 2361; x_wconf 85' lang='lat' dir='ltr'><strong>uacans,</strong></span> <span class='ocrx_word' id='word_1_229' title='bbox 1319 2289 1468 2354; x_wconf 88' lang='lat' dir='ltr'><strong>ducatum</strong></span> <span class='ocrx_word' id='word_1_230' title='bbox 1497 2291 1528 2353; x_wconf 92' lang='lat' dir='ltr'><strong>ci</strong></span> <span class='ocrx_word' id='word_1_231' title='bbox 1558 2293 1695 2370; x_wconf 89' lang='lat' dir='ltr'><strong>qualiter</strong></span> <span class='ocrx_word' id='word_1_232' title='bbox 1724 2301 1858 2376; x_wconf 81' lang='lat' dir='ltr'><strong>agerent</strong></span> 
     </span>
     <span class='ocr_line' id='line_1_20' title="bbox 233 2403 1859 2503; baseline -0.006 -19"><span class='ocrx_word' id='word_1_233' title='bbox 233 2417 376 2503; x_wconf 91' lang='lat' dir='ltr'><strong>quetidie</strong></span> <span class='ocrx_word' id='word_1_234' title='bbox 406 2409 570 2476; x_wconf 88' lang='lat' dir='ltr'><strong>seribendo</strong></span> <span class='ocrx_word' id='word_1_235' title='bbox 605 2405 820 2488; x_wconf 81' lang='lat' dir='ltr'><strong>praesentabat</strong></span> <span class='ocrx_word' id='word_1_236' title='bbox 851 2404 899 2487; x_wconf 87' lang='lat' dir='ltr'><strong>(e).</strong></span> <span class='ocrx_word' id='word_1_237' title='bbox 923 2403 1017 2487; x_wconf 85' lang='lat' dir='ltr'><strong>Cujus</strong></span> <span class='ocrx_word' id='word_1_238' title='bbox 1049 2403 1200 2470; x_wconf 88' lang='lat' dir='ltr'><strong>mandatu</strong></span> <span class='ocrx_word' id='word_1_239' title='bbox 1231 2405 1423 2480; x_wconf 85' lang='lat' dir='ltr'><strong>obedientes,</strong></span> <span class='ocrx_word' id='word_1_240' title='bbox 1459 2408 1589 2470; x_wconf 85' lang='lat' dir='ltr'><strong>consilio</strong></span> <span class='ocrx_word' id='word_1_241' title='bbox 1620 2408 1708 2482; x_wconf 90' lang='lat' dir='ltr'><strong>inito,</strong></span> <span class='ocrx_word' id='word_1_242' title='bbox 1741 2410 1859 2476; x_wconf 86' lang='lat' dir='ltr'><strong>moenia</strong></span> 
     </span>
     <span class='ocr_line' id='line_1_21' title="bbox 232 2520 1856 2619; baseline -0.004 -26"><span class='ocrx_word' id='word_1_243' title='bbox 232 2536 332 2619; x_wconf 70' lang='lat' dir='ltr'><strong>ipsius</strong></span> <span class='ocrx_word' id='word_1_244' title='bbox 352 2529 448 2596; x_wconf 84' lang='lat' dir='ltr'><strong>castri</strong></span> <span class='ocrx_word' id='word_1_245' title='bbox 470 2527 584 2591; x_wconf 88' lang='lat' dir='ltr'><strong>virtute</strong></span> <span class='ocrx_word' id='word_1_246' title='bbox 606 2523 645 2604; x_wconf 78' lang='lat' dir='ltr'><strong>(f)</strong></span> <span class='ocrx_word' id='word_1_247' title='bbox 669 2521 726 2583; x_wconf 92' lang='lat' dir='ltr'><strong>sub</strong></span> <span class='ocrx_word' id='word_1_248' title='bbox 749 2525 903 2585; x_wconf 91' lang='lat' dir='ltr'><strong>nocturne</strong></span> <span class='ocrx_word' id='word_1_249' title='bbox 932 2521 1066 2600; x_wconf 85' lang='lat' dir='ltr'><strong>ingressi</strong></span> <span class='ocrx_word' id='word_1_250' title='bbox 1096 2525 1171 2584; x_wconf 90' lang='lat' dir='ltr'><strong>sunt</strong></span> <span class='ocrx_word' id='word_1_251' title='bbox 1198 2520 1338 2584; x_wconf 90' lang='lat' dir='ltr'><strong>silentio.</strong></span> <span class='ocrx_word' id='word_1_252' title='bbox 1357 2523 1499 2585; x_wconf 78' lang='lat' dir='ltr'><strong>loannes</strong></span> <span class='ocrx_word' id='word_1_253' title='bbox 1529 2522 1648 2585; x_wconf 90' lang='lat' dir='ltr'><strong>scilicet</strong></span> <span class='ocrx_word' id='word_1_254' title='bbox 1678 2525 1753 2586; x_wconf 89' lang='lat' dir='ltr'><strong>dum</strong></span> <span class='ocrx_word' id='word_1_255' title='bbox 1784 2543 1856 2587; x_wconf 89' lang='lat' dir='ltr'><strong>cum</strong></span> 
     </span>
     <span class='ocr_line' id='line_1_22' title="bbox 166 2635 1856 2720; baseline -0.01 -1"><span class='ocrx_word' id='word_1_256' title='bbox 166 2657 210 2720; x_wconf 83' lang='lat' dir='ltr'><strong>te</strong></span> <span class='ocrx_word' id='word_1_257' title='bbox 231 2648 407 2718; x_wconf 83' lang='lat' dir='ltr'><strong>&#39;lbeodimo</strong></span> <span class='ocrx_word' id='word_1_258' title='bbox 428 2641 624 2708; x_wconf 84' lang='lat' dir='ltr'><strong>subdiacone</strong></span> <span class='ocrx_word' id='word_1_259' title='bbox 646 2644 678 2700; x_wconf 89' lang='lat' dir='ltr'><strong>et</strong></span> <span class='ocrx_word' id='word_1_260' title='bbox 699 2642 819 2700; x_wconf 89' lang='lat' dir='ltr'><strong>rectore</strong></span> <span class='ocrx_word' id='word_1_261' title='bbox 841 2635 882 2718; x_wconf 72' lang='lat' dir='ltr'><strong>(e)</strong></span> <span class='ocrx_word' id='word_1_262' title='bbox 905 2641 1002 2716; x_wconf 89' lang='lat' dir='ltr'><strong>atquc</strong></span> <span class='ocrx_word' id='word_1_263' title='bbox 1023 2636 1174 2710; x_wconf 80' lang='lat' dir='ltr'><strong>enercitu,</strong></span> <span class='ocrx_word' id='word_1_264' title='bbox 1197 2643 1229 2698; x_wconf 93' lang='lat' dir='ltr'><strong>ct</strong></span> <span class='ocrx_word' id='word_1_265' title='bbox 1249 2638 1475 2718; x_wconf 80' lang='lat' dir='ltr'><strong>Langobardos</strong></span> <span class='ocrx_word' id='word_1_266' title='bbox 1497 2657 1577 2720; x_wconf 87' lang='lat' dir='ltr'><strong>pene</strong></span> <span class='ocrx_word' id='word_1_267' title='bbox 1609 2643 1764 2702; x_wconf 87' lang='lat' dir='ltr'><strong>trecentos</strong></span> <span class='ocrx_word' id='word_1_268' title='bbox 1785 2657 1856 2703; x_wconf 92' lang='lat' dir='ltr'><strong>cum</strong></span> 
     </span>
     <span class='ocr_line' id='line_1_23' title="bbox 232 2748 1855 2832; baseline -0.009 -1"><span class='ocrx_word' id='word_1_269' title='bbox 232 2762 409 2832; x_wconf 77' lang='lat' dir='ltr'><strong>&#39;Phaedime</strong></span> <span class='ocrx_word' id='word_1_270' title='bbox 431 2756 623 2820; x_wconf 91' lang='lat' dir='ltr'><strong>subdiacone</strong></span> <span class='ocrx_word' id='word_1_271' title='bbox 645 2757 676 2816; x_wconf 88' lang='lat' dir='ltr'><strong>et</strong></span> <span class='ocrx_word' id='word_1_272' title='bbox 698 2757 817 2812; x_wconf 89' lang='lat' dir='ltr'><strong>rectore</strong></span> <span class='ocrx_word' id='word_1_273' title='bbox 840 2749 880 2832; x_wconf 70' lang='lat' dir='ltr'><strong>tp)</strong></span> <span class='ocrx_word' id='word_1_274' title='bbox 903 2754 998 2830; x_wconf 89' lang='lat' dir='ltr'><strong>atque</strong></span> <span class='ocrx_word' id='word_1_275' title='bbox 1019 2748 1170 2824; x_wconf 79' lang='lat' dir='ltr'><strong>exercitu,</strong></span> <span class='ocrx_word' id='word_1_276' title='bbox 1193 2755 1225 2812; x_wconf 90' lang='lat' dir='ltr'><strong>et</strong></span> <span class='ocrx_word' id='word_1_277' title='bbox 1246 2751 1471 2830; x_wconf 83' lang='lat' dir='ltr'><strong>Longeburdos</strong></span> <span class='ocrx_word' id='word_1_278' title='bbox 1502 2771 1582 2832; x_wconf 89' lang='lat' dir='ltr'><strong>pene</strong></span> <span class='ocrx_word' id='word_1_279' title='bbox 1605 2757 1761 2816; x_wconf 89' lang='lat' dir='ltr'><strong>trecentos</strong></span> <span class='ocrx_word' id='word_1_280' title='bbox 1783 2771 1855 2816; x_wconf 93' lang='lat' dir='ltr'><strong>cum</strong></span> 
     </span>
     <span class='ocr_line' id='line_1_24' title="bbox 231 2861 1857 2950; baseline -0.006 -11"><span class='ocrx_word' id='word_1_281' title='bbox 231 2898 343 2947; x_wconf 74' lang='lat' dir='ltr'><strong>eorum</strong></span> <span class='ocrx_word' id='word_1_282' title='bbox 364 2872 558 2940; x_wconf 87' lang='lat' dir='ltr'><strong>castaldioue</strong></span> <span class='ocrx_word' id='word_1_283' title='bbox 589 2867 630 2950; x_wconf 83' lang='lat' dir='ltr'><strong>(b)</strong></span> <span class='ocrx_word' id='word_1_284' title='bbox 661 2867 897 2940; x_wconf 84' lang='lat' dir='ltr'><strong>iutericccrunt,</strong></span> <span class='ocrx_word' id='word_1_285' title='bbox 921 2864 1008 2927; x_wconf 82' lang='lat' dir='ltr'><strong>visos</strong></span> <span class='ocrx_word' id='word_1_286' title='bbox 1042 2863 1137 2926; x_wconf 89' lang='lat' dir='ltr'><strong>etiem</strong></span> <span class='ocrx_word' id='word_1_287' title='bbox 1169 2863 1305 2946; x_wconf 87' lang='lat' dir='ltr'><strong>amplius</strong></span> <span class='ocrx_word' id='word_1_288' title='bbox 1336 2861 1525 2948; x_wconf 83' lang='lat' dir='ltr'><strong>quingentos</strong></span> <span class='ocrx_word' id='word_1_289' title='bbox 1553 2866 1857 2948; x_wconf 86' lang='lat' dir='ltr'><strong>comprehendentes</strong></span> 
     </span>
     <span class='ocr_line' id='line_1_25' title="bbox 233 2959 1856 3077; baseline -0.009 -18"><span class='ocrx_word' id='word_1_290' title='bbox 233 3001 345 3077; x_wconf 88' lang='lat' dir='ltr'><strong>captas</strong></span> <span class='ocrx_word' id='word_1_291' title='bbox 378 2987 542 3069; x_wconf 81' lang='lat' dir='ltr'><strong>Neapolim</strong></span> <span class='ocrx_word' id='word_1_292' title='bbox 576 2985 747 3046; x_wconf 90' lang='lat' dir='ltr'><strong>duxerunt.</strong></span> <span class='ocrx_word' id='word_1_293' title='bbox 779 2981 830 3044; x_wconf 89' lang='lat' dir='ltr'><strong>Sic</strong></span> <span class='ocrx_word' id='word_1_294' title='bbox 861 2987 999 3044; x_wconf 90' lang='lat' dir='ltr'><strong>castrum</strong></span> <span class='ocrx_word' id='word_1_295' title='bbox 1031 2959 1169 3058; x_wconf 82' lang='lat' dir='ltr'><strong>recipere</strong></span> <span class='ocrx_word' id='word_1_296' title='bbox 1200 2985 1383 3060; x_wconf 89' lang='lat' dir='ltr'><strong>potuerunt.</strong></span> <span class='ocrx_word' id='word_1_297' title='bbox 1415 2981 1475 3041; x_wconf 85' lang='lat' dir='ltr'><strong>Pro</strong></span> <span class='ocrx_word' id='word_1_298' title='bbox 1514 2979 1605 3059; x_wconf 84' lang='lat' dir='ltr'><strong>cujus</strong></span> <span class='ocrx_word' id='word_1_299' title='bbox 1639 2979 1856 3062; x_wconf 87' lang='lat' dir='ltr'><strong>redemptione</strong></span> 
     </span>
     <span class='ocr_line' id='line_1_26' title="bbox 234 3083 1629 3194; baseline -0.01 -25"><span class='ocrx_word' id='word_1_300' title='bbox 234 3109 436 3194; x_wconf 71' lang='lat' dir='ltr'><strong>septuaginta</strong></span> <span class='ocrx_word' id='word_1_301' title='bbox 457 3103 526 3166; x_wconf 86' lang='lat' dir='ltr'><strong>auri</strong></span> <span class='ocrx_word' id='word_1_302' title='bbox 547 3101 643 3162; x_wconf 86' lang='lat' dir='ltr'><strong>libras</strong></span> <span class='ocrx_word' id='word_1_303' title='bbox 664 3100 731 3180; x_wconf 87' lang='lat' dir='ltr'><strong>ipse</strong></span> <span class='ocrx_word' id='word_1_304' title='bbox 746 3096 964 3160; x_wconf 85' lang='lat' dir='ltr'><strong>sanctissimus</strong></span> <span class='ocrx_word' id='word_1_305' title='bbox 985 3083 1077 3176; x_wconf 82' lang='lat' dir='ltr'><strong>papa,</strong></span> <span class='ocrx_word' id='word_1_306' title='bbox 1100 3095 1181 3156; x_wconf 88' lang='lat' dir='ltr'><strong>sicut</strong></span> <span class='ocrx_word' id='word_1_307' title='bbox 1202 3094 1390 3175; x_wconf 85' lang='lat' dir='ltr'><strong>premiserat</strong></span> <span class='ocrx_word' id='word_1_308' title='bbox 1404 3099 1508 3169; x_wconf 90' lang='lat' dir='ltr'><strong>autea,</strong></span> <span class='ocrx_word' id='word_1_309' title='bbox 1533 3095 1629 3158; x_wconf 90' lang='lat' dir='ltr'><strong>dedit.</strong></span> 
     </span>
     <span class='ocr_line' id='line_1_27' title="bbox 276 3210 1855 3290; baseline -0.011 0"><span class='ocrx_word' id='word_1_310' title='bbox 276 3235 356 3290; x_wconf 70' lang='lat'><strong>100</strong></span> <span class='ocrx_word' id='word_1_311' title='bbox 380 3223 437 3285; x_wconf 87' lang='lat' dir='ltr'><strong>llic</strong></span> <span class='ocrx_word' id='word_1_312' title='bbox 458 3216 651 3282; x_wconf 84' lang='lat' dir='ltr'><strong>Hierusalem</strong></span> <span class='ocrx_word' id='word_1_313' title='bbox 684 3213 846 3278; x_wconf 88' lang='lat' dir='ltr'><strong>ecclesiam</strong></span> <span class='ocrx_word' id='word_1_314' title='bbox 877 3217 1126 3290; x_wconf 74' lang='lat' dir='ltr'><strong>sanctamque</strong></span> <span class='ocrx_word' id='word_1_315' title='bbox 1157 3211 1256 3274; x_wconf 90' lang='lat' dir='ltr'><strong>multe</strong></span> <span class='ocrx_word' id='word_1_316' title='bbox 1288 3211 1377 3274; x_wconf 84' lang='lat' dir='ltr'><strong>luera</strong></span> <span class='ocrx_word' id='word_1_317' title='bbox 1407 3211 1531 3274; x_wconf 89' lang='lat' dir='ltr'><strong>detecta</strong></span> <span class='ocrx_word' id='word_1_318' title='bbox 1561 3217 1713 3290; x_wconf 88' lang='lat' dir='ltr'><strong>tempere,</strong></span> <span class='ocrx_word' id='word_1_319' title='bbox 1737 3217 1768 3272; x_wconf 92' lang='lat' dir='ltr'><strong>et</strong></span> <span class='ocrx_word' id='word_1_320' title='bbox 1794 3210 1855 3273; x_wconf 89' lang='lat' dir='ltr'><strong>cir-</strong></span> 
     </span>
     <span class='ocr_line' id='line_1_28' title="bbox 147 3323 1854 3423; baseline -0.002 -32"><span class='ocrx_word' id='word_1_321' title='bbox 147 3393 163 3412; x_wconf 57' lang='lat'><em>,</em></span> <span class='ocrx_word' id='word_1_322' title='bbox 233 3356 434 3423; x_wconf 55' lang='lat' dir='ltr'><strong>„unquesque</strong></span> <span class='ocrx_word' id='word_1_323' title='bbox 469 3332 608 3416; x_wconf 84' lang='lat' dir='ltr'><strong>perticus</strong></span> <span class='ocrx_word' id='word_1_324' title='bbox 642 3334 797 3394; x_wconf 63' lang='lat' dir='ltr'><strong>vaustate</strong></span> <span class='ocrx_word' id='word_1_325' title='bbox 831 3331 995 3408; x_wconf 88' lang='lat' dir='ltr'><strong>quassatas</strong></span> <span class='ocrx_word' id='word_1_326' title='bbox 1033 3323 1176 3388; x_wconf 91' lang='lat' dir='ltr'><strong>deductis</strong></span> <span class='ocrx_word' id='word_1_327' title='bbox 1210 3327 1374 3406; x_wconf 88' lang='lat' dir='ltr'><strong>cooperuit</strong></span> <span class='ocrx_word' id='word_1_328' title='bbox 1404 3343 1440 3386; x_wconf 90' lang='lat' dir='ltr'><strong>ac</strong></span> <span class='ocrx_word' id='word_1_329' title='bbox 1471 3325 1640 3406; x_wconf 86' lang='lat' dir='ltr'><strong>reparavit.</strong></span> <span class='ocrx_word' id='word_1_330' title='bbox 1678 3325 1854 3388; x_wconf 85' lang='lat' dir='ltr'><strong>Ambencm</strong></span> 
     </span>
     <span class='ocr_line' id='line_1_29' title="bbox 233 3439 1853 3524; baseline -0.014 0"><span class='ocrx_word' id='word_1_331' title='bbox 233 3461 330 3524; x_wconf 88' lang='lat' dir='ltr'><strong>etiam</strong></span> <span class='ocrx_word' id='word_1_332' title='bbox 353 3465 565 3516; x_wconf 88' lang='lat' dir='ltr'><strong>marmoreum</strong></span> <span class='ocrx_word' id='word_1_333' title='bbox 586 3446 619 3507; x_wconf 94' lang='lat' dir='ltr'><strong>in</strong></span> <span class='ocrx_word' id='word_1_334' title='bbox 642 3444 751 3506; x_wconf 87' lang='lat' dir='ltr'><strong>eadem</strong></span> <span class='ocrx_word' id='word_1_335' title='bbox 773 3441 905 3505; x_wconf 90' lang='lat' dir='ltr'><strong>ecelesia</strong></span> <span class='ocrx_word' id='word_1_336' title='bbox 927 3441 1010 3514; x_wconf 88' lang='lat' dir='ltr'><strong>iecit,</strong></span> <span class='ocrx_word' id='word_1_337' title='bbox 1034 3459 1167 3521; x_wconf 90' lang='lat' dir='ltr'><strong>eamque</strong></span> <span class='ocrx_word' id='word_1_338' title='bbox 1201 3440 1332 3505; x_wconf 84' lang='lat' dir='ltr'><strong>diversis</strong></span> <span class='ocrx_word' id='word_1_339' title='bbox 1355 3440 1466 3502; x_wconf 86' lang='lat' dir='ltr'><strong>ditavit</strong></span> <span class='ocrx_word' id='word_1_340' title='bbox 1495 3440 1600 3502; x_wconf 89' lang='lat' dir='ltr'><strong>linteis</strong></span> <span class='ocrx_word' id='word_1_341' title='bbox 1626 3445 1722 3521; x_wconf 93' lang='lat' dir='ltr'><strong>atque</strong></span> <span class='ocrx_word' id='word_1_342' title='bbox 1745 3439 1853 3502; x_wconf 92' lang='lat' dir='ltr'><strong>minis·</strong></span> 
     </span>
     <span class='ocr_line' id='line_1_30' title="bbox 234 3554 1856 3642; baseline -0.011 -4"><span class='ocrx_word' id='word_1_343' title='bbox 234 3574 334 3638; x_wconf 82' lang='lat' dir='ltr'><strong>teriia.</strong></span> <span class='ocrx_word' id='word_1_344' title='bbox 356 3567 475 3634; x_wconf 80' lang='lat' dir='ltr'><strong>Eodem</strong></span> <span class='ocrx_word' id='word_1_345' title='bbox 507 3570 648 3642; x_wconf 82' lang='lat' dir='ltr'><strong>tempere</strong></span> <span class='ocrx_word' id='word_1_346' title='bbox 678 3559 817 3622; x_wconf 81' lang='lat' dir='ltr'><strong>nefanda</strong></span> <span class='ocrx_word' id='word_1_347' title='bbox 844 3560 1064 3638; x_wconf 75' lang='lat' dir='ltr'><strong>Agaronerum</strong></span> <span class='ocrx_word' id='word_1_348' title='bbox 1094 3575 1183 3637; x_wconf 85' lang='lat' dir='ltr'><strong>gens,</strong></span> <span class='ocrx_word' id='word_1_349' title='bbox 1206 3575 1276 3618; x_wconf 90' lang='lat' dir='ltr'><strong>cum</strong></span> <span class='ocrx_word' id='word_1_350' title='bbox 1305 3554 1373 3634; x_wconf 87' lang='lat' dir='ltr'><strong>jam</strong></span> <span class='ocrx_word' id='word_1_351' title='bbox 1405 3555 1626 3638; x_wconf 87' lang='lat' dir='ltr'><strong>Hispaniarum</strong></span> <span class='ocrx_word' id='word_1_352' title='bbox 1661 3555 1856 3638; x_wconf 84' lang='lat' dir='ltr'><strong>prouinciam</strong></span> 
     </span>
     <span class='ocr_line' id='line_1_31' title="bbox 191 3670 1856 3774; baseline -0.011 -22"><span class='ocrx_word' id='word_1_353' title='bbox 191 3697 291 3774; x_wconf 86' lang='lat' dir='ltr'><strong>5per</strong></span> <span class='ocrx_word' id='word_1_354' title='bbox 311 3688 420 3752; x_wconf 89' lang='lat' dir='ltr'><strong>decem</strong></span> <span class='ocrx_word' id='word_1_355' title='bbox 440 3682 585 3744; x_wconf 87' lang='lat' dir='ltr'><strong>tenerent</strong></span> <span class='ocrx_word' id='word_1_356' title='bbox 615 3694 715 3738; x_wconf 87' lang='lat' dir='ltr'><strong>annes</strong></span> <span class='ocrx_word' id='word_1_357' title='bbox 750 3692 928 3756; x_wconf 81' lang='lat' dir='ltr'><strong>pervasam.</strong></span> <span class='ocrx_word' id='word_1_358' title='bbox 950 3671 1117 3736; x_wconf 89' lang='lat' dir='ltr'><strong>undecimo</strong></span> <span class='ocrx_word' id='word_1_359' title='bbox 1153 3690 1236 3734; x_wconf 90' lang='lat' dir='ltr'><strong>anne</strong></span> <span class='ocrx_word' id='word_1_360' title='bbox 1269 3670 1458 3734; x_wconf 80' lang='lat' dir='ltr'><strong>eredanum</strong></span> <span class='ocrx_word' id='word_1_361' title='bbox 1493 3670 1690 3732; x_wconf 88' lang='lat' dir='ltr'><strong>conabantur</strong></span> <span class='ocrx_word' id='word_1_362' title='bbox 1725 3671 1856 3734; x_wconf 83' lang='lat' dir='ltr'><strong>lluvium</strong></span> 
     </span>
     <span class='ocr_line' id='line_1_32' title="bbox 232 3773 1858 3876; baseline -0.014 -6"><span class='ocrx_word' id='word_1_363' title='bbox 232 3804 380 3876; x_wconf 85' lang='lat' dir='ltr'><strong>transire,</strong></span> <span class='ocrx_word' id='word_1_364' title='bbox 404 3798 443 3861; x_wconf 90' lang='lat' dir='ltr'><strong>ad</strong></span> <span class='ocrx_word' id='word_1_365' title='bbox 474 3793 623 3858; x_wconf 82' lang='lat' dir='ltr'><strong>Francius</strong></span> <span class='ocrx_word' id='word_1_366' title='bbox 651 3773 960 3870; x_wconf 59' lang='lat' dir='ltr'><strong>occupandum,&#39;ubi</strong></span> <span class='ocrx_word' id='word_1_367' title='bbox 989 3788 1079 3850; x_wconf 76' lang='lat' dir='ltr'><strong>Eudo</strong></span> <span class='ocrx_word' id='word_1_368' title='bbox 1110 3792 1254 3868; x_wconf 75' lang='lat' dir='ltr'><strong>praerat.</strong></span> <span class='ocrx_word' id='word_1_369' title='bbox 1288 3787 1348 3859; x_wconf 87' lang='lat' dir='ltr'><strong>Qui</strong></span> <span class='ocrx_word' id='word_1_370' title='bbox 1370 3775 1462 3848; x_wconf 59' lang='lat' dir='ltr'><strong>&#39;lacta</strong></span> <span class='ocrx_word' id='word_1_371' title='bbox 1493 3789 1686 3849; x_wconf 81' lang='lat' dir='ltr'><strong>Francorum</strong></span> <span class='ocrx_word' id='word_1_372' title='bbox 1717 3788 1858 3866; x_wconf 83' lang='lat' dir='ltr'><strong>generali</strong></span> 
     </span>
     <span class='ocr_line' id='line_1_33' title="bbox 231 3899 1857 3996; baseline -0.013 -12"><span class='ocrx_word' id='word_1_373' title='bbox 231 3921 371 3986; x_wconf 90' lang='lat' dir='ltr'><strong>motione</strong></span> <span class='ocrx_word' id='word_1_374' title='bbox 395 3915 429 3996; x_wconf 75' lang='grc' dir='ltr'><strong>(ι)</strong></span> <span class='ocrx_word' id='word_1_375' title='bbox 450 3915 560 3976; x_wconf 87' lang='lat' dir='ltr'><strong>contra</strong></span> <span class='ocrx_word' id='word_1_376' title='bbox 581 3909 765 3978; x_wconf 88' lang='lat' dir='ltr'><strong>Saracenos,</strong></span> <span class='ocrx_word' id='word_1_377' title='bbox 790 3923 844 3966; x_wconf 90' lang='lat' dir='ltr'><strong>eos</strong></span> <span class='ocrx_word' id='word_1_378' title='bbox 866 3903 1097 3966; x_wconf 84' lang='lat' dir='ltr'><strong>circumdantes</strong></span> <span class='ocrx_word' id='word_1_379' title='bbox 1117 3903 1343 3966; x_wconf 76' lang='lat' dir='ltr'><strong>interfecerunt</strong></span> <span class='ocrx_word' id='word_1_380' title='bbox 1365 3901 1418 3982; x_wconf 79' lang='lat' dir='ltr'><strong>(j).</strong></span> <span class='ocrx_word' id='word_1_381' title='bbox 1441 3904 1595 3964; x_wconf 87' lang='lat' dir='ltr'><strong>Trecenta</strong></span> <span class='ocrx_word' id='word_1_382' title='bbox 1625 3899 1707 3962; x_wconf 89' lang='lat' dir='ltr'><strong>enirn</strong></span> <span class='ocrx_word' id='word_1_383' title='bbox 1728 3907 1857 3981; x_wconf 89' lang='lat' dir='ltr'><strong>septua-</strong></span> 
     </span>
     <span class='ocr_line' id='line_1_34' title="bbox 232 4014 1857 4119; baseline -0.004 -35"><span class='ocrx_word' id='word_1_384' title='bbox 232 4039 323 4119; x_wconf 49' lang='lat' dir='ltr'><strong>ginta</strong></span> <span class='ocrx_word' id='word_1_385' title='bbox 343 4031 484 4114; x_wconf 75' lang='lat' dir='ltr'><strong>quinque</strong></span> <span class='ocrx_word' id='word_1_386' title='bbox 515 4023 614 4086; x_wconf 88' lang='lat' dir='ltr'><strong>millia</strong></span> <span class='ocrx_word' id='word_1_387' title='bbox 643 4039 707 4083; x_wconf 92' lang='lat' dir='ltr'><strong>uno</strong></span> <span class='ocrx_word' id='word_1_388' title='bbox 738 4024 813 4084; x_wconf 88' lang='lat' dir='ltr'><strong>sunt</strong></span> <span class='ocrx_word' id='word_1_389' title='bbox 841 4018 892 4080; x_wconf 89' lang='lat' dir='ltr'><strong>die</strong></span> <span class='ocrx_word' id='word_1_390' title='bbox 926 4017 1092 4085; x_wconf 86' lang='lat' dir='ltr'><strong>interiecti.</strong></span> <span class='ocrx_word' id='word_1_391' title='bbox 1117 4023 1152 4079; x_wconf 93' lang='lat' dir='ltr'><strong>ut</strong></span> <span class='ocrx_word' id='word_1_392' title='bbox 1186 4015 1326 4095; x_wconf 84' lang='lat' dir='ltr'><strong>ejusdem</strong></span> <span class='ocrx_word' id='word_1_393' title='bbox 1363 4014 1504 4077; x_wconf 83' lang='lat' dir='ltr'><strong>liudonis</strong></span> <span class='ocrx_word' id='word_1_394' title='bbox 1539 4018 1732 4078; x_wconf 81' lang='lat' dir='ltr'><strong>Francorum</strong></span> <span class='ocrx_word' id='word_1_395' title='bbox 1768 4015 1857 4077; x_wconf 90' lang='lat' dir='ltr'><strong>ducis</strong></span> 
     </span>
     <span class='ocr_line' id='line_1_35' title="bbox 234 4129 1857 4229; baseline -0.015 -13"><span class='ocrx_word' id='word_1_396' title='bbox 234 4153 330 4216; x_wconf 84' lang='lat' dir='ltr'><strong>missa</strong></span> <span class='ocrx_word' id='word_1_397' title='bbox 352 4141 494 4229; x_wconf 82' lang='lat' dir='ltr'><strong>pontifici</strong></span> <span class='ocrx_word' id='word_1_398' title='bbox 515 4136 649 4221; x_wconf 87' lang='lat' dir='ltr'><strong>epistola</strong></span> <span class='ocrx_word' id='word_1_399' title='bbox 670 4133 862 4198; x_wconf 88' lang='lat' dir='ltr'><strong>continebat.</strong></span> <span class='ocrx_word' id='word_1_400' title='bbox 886 4132 970 4198; x_wconf 89' lang='lat' dir='ltr'><strong>lllille</strong></span> <span class='ocrx_word' id='word_1_401' title='bbox 990 4135 1114 4192; x_wconf 89' lang='lat' dir='ltr'><strong>tanturn</strong></span> <span class='ocrx_word' id='word_1_402' title='bbox 1146 4130 1333 4210; x_wconf 83' lang='lat' dir='ltr'><strong>quingentos</strong></span> <span class='ocrx_word' id='word_1_403' title='bbox 1369 4148 1408 4190; x_wconf 90' lang='lat' dir='ltr'><strong>ex</strong></span> <span class='ocrx_word' id='word_1_404' title='bbox 1439 4129 1567 4190; x_wconf 86' lang='lat' dir='ltr'><strong>Francis</strong></span> <span class='ocrx_word' id='word_1_405' title='bbox 1601 4130 1693 4190; x_wconf 89' lang='lat' dir='ltr'><strong>luisse</strong></span> <span class='ocrx_word' id='word_1_406' title='bbox 1717 4135 1857 4192; x_wconf 90' lang='lat' dir='ltr'><strong>mertuos</strong></span> 
     </span>
     <span class='ocr_line' id='line_1_36' title="bbox 174 4242 1857 4336; baseline -0.016 -3"><span class='ocrx_word' id='word_1_407' title='bbox 174 4275 212 4336; x_wconf 87' lang='lat' dir='ltr'><strong>te</strong></span> <span class='ocrx_word' id='word_1_408' title='bbox 232 4272 266 4334; x_wconf 89' lang='lat' dir='ltr'><strong>in</strong></span> <span class='ocrx_word' id='word_1_409' title='bbox 287 4265 399 4330; x_wconf 86' lang='lat' dir='ltr'><strong>eodem</strong></span> <span class='ocrx_word' id='word_1_410' title='bbox 421 4258 505 4322; x_wconf 89' lang='lat' dir='ltr'><strong>belle</strong></span> <span class='ocrx_word' id='word_1_411' title='bbox 528 4255 680 4316; x_wconf 55' lang='lat' dir='ltr'><strong>‘dixerunt</strong></span> <span class='ocrx_word' id='word_1_412' title='bbox 711 4250 765 4333; x_wconf 82' lang='grc'>(1).</span> <span class='ocrx_word' id='word_1_413' title='bbox 788 4248 946 4329; x_wconf 85' lang='lat' dir='ltr'><strong>Abjieiens</strong></span> <span class='ocrx_word' id='word_1_414' title='bbox 977 4247 1063 4326; x_wconf 92' lang='lat' dir='ltr'><strong>qued</strong></span> <span class='ocrx_word' id='word_1_415' title='bbox 1095 4265 1179 4309; x_wconf 92' lang='lat' dir='ltr'><strong>anne</strong></span> <span class='ocrx_word' id='word_1_416' title='bbox 1210 4245 1371 4326; x_wconf 78' lang='lat' dir='ltr'><strong>praemisso</strong></span> <span class='ocrx_word' id='word_1_417' title='bbox 1398 4245 1432 4304; x_wconf 93' lang='lat' dir='ltr'><strong>in</strong></span> <span class='ocrx_word' id='word_1_418' title='bbox 1464 4242 1712 4306; x_wconf 87' lang='lat' dir='ltr'><strong>benedictionem</strong></span> <span class='ocrx_word' id='word_1_419' title='bbox 1735 4262 1754 4305; x_wconf 90' lang='lat' dir='ltr'><strong>a</strong></span> <span class='ocrx_word' id='word_1_420' title='bbox 1775 4263 1857 4326; x_wconf 81' lang='lat' dir='ltr'><strong>prae·</strong></span> 
     </span>
     <span class='ocr_line' id='line_1_37' title="bbox 233 4359 1855 4449; baseline -0.017 -2"><span class='ocrx_word' id='word_1_421' title='bbox 233 4387 319 4448; x_wconf 90' lang='lat' dir='ltr'><strong>dicto</strong></span> <span class='ocrx_word' id='word_1_422' title='bbox 340 4380 408 4440; x_wconf 79' lang='lat' dir='ltr'><strong>sire</strong></span> <span class='ocrx_word' id='word_1_423' title='bbox 430 4375 475 4441; x_wconf 87' lang='lat' dir='ltr'><strong>eis</strong></span> <span class='ocrx_word' id='word_1_424' title='bbox 497 4370 621 4434; x_wconf 88' lang='lat' dir='ltr'><strong>directis</strong></span> <span class='ocrx_word' id='word_1_425' title='bbox 641 4366 677 4449; x_wconf 83' lang='lat' dir='ltr'><strong>(l)</strong></span> <span class='ocrx_word' id='word_1_426' title='bbox 700 4367 798 4428; x_wconf 91' lang='lat' dir='ltr'><strong>tribus</strong></span> <span class='ocrx_word' id='word_1_427' title='bbox 828 4363 979 4446; x_wconf 81' lang='lat' dir='ltr'><strong>spongiis,</strong></span> <span class='ocrx_word' id='word_1_428' title='bbox 1004 4362 1118 4444; x_wconf 91' lang='lat' dir='ltr'><strong>quibes</strong></span> <span class='ocrx_word' id='word_1_429' title='bbox 1149 4361 1189 4424; x_wconf 90' lang='lat' dir='ltr'><strong>ed</strong></span> <span class='ocrx_word' id='word_1_430' title='bbox 1212 4379 1284 4422; x_wconf 88' lang='lat' dir='ltr'><strong>usus</strong></span> <span class='ocrx_word' id='word_1_431' title='bbox 1316 4379 1433 4422; x_wconf 71' lang='lat' dir='ltr'><strong>mense</strong></span> <span class='ocrx_word' id='word_1_432' title='bbox 1456 4359 1612 4440; x_wconf 85' lang='lat' dir='ltr'><strong>pontilicis</strong></span> <span class='ocrx_word' id='word_1_433' title='bbox 1639 4365 1855 4440; x_wconf 85' lang='lat' dir='ltr'><strong>apponuntur,</strong></span> 
     </span>
     <span class='ocr_line' id='line_1_38' title="bbox 234 4473 1857 4573; baseline -0.017 -9"><span class='ocrx_word' id='word_1_434' title='bbox 234 4501 268 4564; x_wconf 92' lang='lat' dir='ltr'><strong>in</strong></span> <span class='ocrx_word' id='word_1_435' title='bbox 300 4498 381 4560; x_wconf 89' lang='lat' dir='ltr'><strong>bora</strong></span> <span class='ocrx_word' id='word_1_436' title='bbox 409 4509 474 4573; x_wconf 90' lang='lat' dir='ltr'><strong>qua</strong></span> <span class='ocrx_word' id='word_1_437' title='bbox 502 4486 621 4549; x_wconf 90' lang='lat' dir='ltr'><strong>bellum</strong></span> <span class='ocrx_word' id='word_1_438' title='bbox 652 4481 921 4554; x_wconf 89' lang='lat' dir='ltr'><strong>committebatur,</strong></span> <span class='ocrx_word' id='word_1_439' title='bbox 943 4479 1027 4542; x_wconf 88' lang='lat' dir='ltr'><strong>idem</strong></span> <span class='ocrx_word' id='word_1_440' title='bbox 1058 4479 1147 4541; x_wconf 78' lang='lat' dir='ltr'><strong>endo</strong></span> <span class='ocrx_word' id='word_1_441' title='bbox 1177 4477 1353 4557; x_wconf 85' lang='lat' dir='ltr'><strong>Aquitaniae</strong></span> <span class='ocrx_word' id='word_1_442' title='bbox 1387 4476 1533 4557; x_wconf 87' lang='lat' dir='ltr'><strong>princeps</strong></span> <span class='ocrx_word' id='word_1_443' title='bbox 1566 4473 1682 4556; x_wconf 90' lang='lat' dir='ltr'><strong>popule</strong></span> <span class='ocrx_word' id='word_1_444' title='bbox 1714 4493 1770 4536; x_wconf 94' lang='lat' dir='ltr'><strong>suo</strong></span> <span class='ocrx_word' id='word_1_445' title='bbox 1802 4493 1857 4554; x_wconf 88' lang='lat' dir='ltr'><strong>per</strong></span> 
     </span>
     <span class='ocr_line' id='line_1_39' title="bbox 237 4593 1859 4690; baseline -0.01 -21"><span class='ocrx_word' id='word_1_446' title='bbox 237 4615 377 4682; x_wconf 67' lang='lat' dir='ltr'><strong>modicae</strong></span> <span class='ocrx_word' id='word_1_447' title='bbox 408 4613 513 4690; x_wconf 88' lang='lat' dir='ltr'><strong>partes</strong></span> <span class='ocrx_word' id='word_1_448' title='bbox 545 4601 685 4666; x_wconf 87' lang='lat' dir='ltr'><strong>tribuens</strong></span> <span class='ocrx_word' id='word_1_449' title='bbox 715 4597 755 4663; x_wconf 85' lang='lat' dir='ltr'><strong>ad</strong></span> <span class='ocrx_word' id='word_1_450' title='bbox 787 4595 975 4658; x_wconf 89' lang='lat' dir='ltr'><strong>sumendum</strong></span> <span class='ocrx_word' id='word_1_451' title='bbox 998 4594 1053 4670; x_wconf 86' lang='lat' dir='ltr'><strong>eis,</strong></span> <span class='ocrx_word' id='word_1_452' title='bbox 1077 4613 1135 4656; x_wconf 90' lang='lat' dir='ltr'><strong>nec</strong></span> <span class='ocrx_word' id='word_1_453' title='bbox 1158 4612 1238 4656; x_wconf 91' lang='lat' dir='ltr'><strong>unus</strong></span> <span class='ocrx_word' id='word_1_454' title='bbox 1269 4593 1452 4660; x_wconf 83' lang='lat' dir='ltr'><strong>vulneratus</strong></span> <span class='ocrx_word' id='word_1_455' title='bbox 1482 4595 1539 4664; x_wconf 90' lang='lat' dir='ltr'><strong>est,</strong></span> <span class='ocrx_word' id='word_1_456' title='bbox 1564 4609 1620 4651; x_wconf 91' lang='lat' dir='ltr'><strong>nec</strong></span> <span class='ocrx_word' id='word_1_457' title='bbox 1650 4595 1794 4652; x_wconf 90' lang='lat' dir='ltr'><strong>mortuus</strong></span> <span class='ocrx_word' id='word_1_458' title='bbox 1820 4609 1859 4652; x_wconf 87' lang='lat' dir='ltr'><strong>ex</strong></span> 
     </span>
     <span class='ocr_line' id='line_1_40' title="bbox 234 4705 1858 4812; baseline -0.009 -31"><span class='ocrx_word' id='word_1_459' title='bbox 234 4734 284 4798; x_wconf 57' lang='lat' dir='ltr'><strong>hig</strong></span> <span class='ocrx_word' id='word_1_460' title='bbox 305 4729 360 4812; x_wconf 69' lang='lat' dir='ltr'><strong>qut</strong></span> <span class='ocrx_word' id='word_1_461' title='bbox 381 4721 562 4808; x_wconf 81' lang='lat' dir='ltr'><strong>participati</strong></span> <span class='ocrx_word' id='word_1_462' title='bbox 583 4721 667 4782; x_wconf 86' lang='lat' dir='ltr'><strong>sunt.</strong></span> <span class='ocrx_word' id='word_1_463' title='bbox 691 4717 736 4778; x_wconf 79' lang='lat' dir='ltr'><strong>Ee</strong></span> <span class='ocrx_word' id='word_1_464' title='bbox 767 4729 894 4794; x_wconf 91' lang='lat' dir='ltr'><strong>quoque</strong></span> <span class='ocrx_word' id='word_1_465' title='bbox 926 4716 1067 4791; x_wconf 88' lang='lat' dir='ltr'><strong>tempore</strong></span> <span class='ocrx_word' id='word_1_466' title='bbox 1097 4710 1129 4770; x_wconf 92' lang='lat' dir='ltr'><strong>in</strong></span> <span class='ocrx_word' id='word_1_467' title='bbox 1161 4708 1342 4788; x_wconf 83' lang='lat' dir='ltr'><strong>Campaniae</strong></span> <span class='ocrx_word' id='word_1_468' title='bbox 1374 4708 1516 4788; x_wconf 88' lang='lat' dir='ltr'><strong>partibus</strong></span> <span class='ocrx_word' id='word_1_469' title='bbox 1552 4705 1750 4767; x_wconf 90' lang='lat' dir='ltr'><strong>combustum</strong></span> <span class='ocrx_word' id='word_1_470' title='bbox 1774 4705 1858 4767; x_wconf 92' lang='lat' dir='ltr'><strong>triti-</strong></span> 
     </span>
     <span class='ocr_line' id='line_1_41' title="bbox 171 4822 1861 4922; baseline -0.02 -6"><span class='ocrx_word' id='word_1_471' title='bbox 171 4855 212 4916; x_wconf 80' lang='grc'>15</span> <span class='ocrx_word' id='word_1_472' title='bbox 235 4868 320 4922; x_wconf 85' lang='lat' dir='ltr'><strong>cunr,</strong></span> <span class='ocrx_word' id='word_1_473' title='bbox 352 4841 519 4912; x_wconf 83' lang='lat' dir='ltr'><strong>hordeum,</strong></span> <span class='ocrx_word' id='word_1_474' title='bbox 549 4854 603 4900; x_wconf 87' lang='lat' dir='ltr'><strong>seu</strong></span> <span class='ocrx_word' id='word_1_475' title='bbox 634 4830 808 4912; x_wconf 83' lang='lat' dir='ltr'><strong>legumina,</strong></span> <span class='ocrx_word' id='word_1_476' title='bbox 831 4826 921 4908; x_wconf 89' lang='lat' dir='ltr'><strong>quasi</strong></span> <span class='ocrx_word' id='word_1_477' title='bbox 950 4826 1058 4906; x_wconf 86' lang='lat' dir='ltr'><strong>pluria</strong></span> <span class='ocrx_word' id='word_1_478' title='bbox 1088 4825 1120 4886; x_wconf 94' lang='lat' dir='ltr'><strong>in</strong></span> <span class='ocrx_word' id='word_1_479' title='bbox 1152 4825 1221 4886; x_wconf 91' lang='lat' dir='ltr'><strong>leco</strong></span> <span class='ocrx_word' id='word_1_480' title='bbox 1253 4822 1390 4904; x_wconf 90' lang='lat' dir='ltr'><strong>quodem</strong></span> <span class='ocrx_word' id='word_1_481' title='bbox 1413 4843 1430 4885; x_wconf 91' lang='lat' dir='ltr'><strong>e</strong></span> <span class='ocrx_word' id='word_1_482' title='bbox 1452 4823 1532 4884; x_wconf 86' lang='lat' dir='ltr'><strong>coele</strong></span> <span class='ocrx_word' id='word_1_483' title='bbox 1565 4822 1659 4882; x_wconf 89' lang='lat' dir='ltr'><strong>missa</strong></span> <span class='ocrx_word' id='word_1_484' title='bbox 1688 4825 1772 4883; x_wconf 91' lang='lat' dir='ltr'><strong>sunt.</strong></span> <span class='ocrx_word' id='word_1_485' title='bbox 1803 4822 1861 4884; x_wconf 89' lang='lat' dir='ltr'><strong>ilic</strong></span> 
     </span>
     <span class='ocr_line' id='line_1_42' title="bbox 234 4937 1932 5048; baseline -0.009 -32"><span class='ocrx_word' id='word_1_486' title='bbox 234 4957 493 5048; x_wconf 55' lang='lat' dir='ltr'><strong>quadragesiaali</strong></span> <span class='ocrx_word' id='word_1_487' title='bbox 514 4960 668 5032; x_wconf 90' lang='lat' dir='ltr'><strong>tempere,</strong></span> <span class='ocrx_word' id='word_1_488' title='bbox 691 4951 727 5008; x_wconf 92' lang='lat' dir='ltr'><strong>ut</strong></span> <span class='ocrx_word' id='word_1_489' title='bbox 745 4945 778 5006; x_wconf 93' lang='lat' dir='ltr'><strong>in</strong></span> <span class='ocrx_word' id='word_1_490' title='bbox 800 4943 912 5025; x_wconf 89' lang='lat' dir='ltr'><strong>quinta</strong></span> <span class='ocrx_word' id='word_1_491' title='bbox 933 4943 1011 5004; x_wconf 83' lang='lat' dir='ltr'><strong>feria</strong></span> <span class='ocrx_word' id='word_1_492' title='bbox 1027 4940 1188 5021; x_wconf 83' lang='lat' dir='ltr'><strong>jejunium</strong></span> <span class='ocrx_word' id='word_1_493' title='bbox 1211 4945 1306 5020; x_wconf 89' lang='lat' dir='ltr'><strong>atque</strong></span> <span class='ocrx_word' id='word_1_494' title='bbox 1330 4938 1494 5000; x_wconf 87' lang='lat' dir='ltr'><strong>missarum</strong></span> <span class='ocrx_word' id='word_1_495' title='bbox 1517 4937 1684 4998; x_wconf 87' lang='lat' dir='ltr'><strong>celebritas</strong></span> <span class='ocrx_word' id='word_1_496' title='bbox 1714 4938 1857 5002; x_wconf 80' lang='lat' dir='ltr'><strong>lucretia</strong></span> <span class='ocrx_word' id='word_1_497' title='bbox 1903 4955 1932 4974; x_wconf 90' lang='grc'><strong>··</strong></span> 
     </span>
     <span class='ocr_line' id='line_1_43' title="bbox 232 5053 1860 5155; baseline -0.017 -12"><span class='ocrx_word' id='word_1_498' title='bbox 232 5078 384 5150; x_wconf 84' lang='lat' dir='ltr'><strong>ecclesiis,</strong></span> <span class='ocrx_word' id='word_1_499' title='bbox 408 5072 493 5155; x_wconf 85' lang='lat' dir='ltr'><strong>qued</strong></span> <span class='ocrx_word' id='word_1_500' title='bbox 524 5089 587 5131; x_wconf 91' lang='lat' dir='ltr'><strong>nen</strong></span> <span class='ocrx_word' id='word_1_501' title='bbox 618 5064 783 5145; x_wconf 78' lang='lat' dir='ltr'><strong>agebatur,</strong></span> <span class='ocrx_word' id='word_1_502' title='bbox 805 5059 949 5120; x_wconf 87' lang='lat' dir='ltr'><strong>instituit.</strong></span> <span class='ocrx_word' id='word_1_503' title='bbox 973 5057 1153 5122; x_wconf 81' lang='lat' dir='ltr'><strong>Oratoriurn</strong></span> <span class='ocrx_word' id='word_1_504' title='bbox 1176 5073 1250 5116; x_wconf 87' lang='lat' dir='ltr'><strong>sane</strong></span> <span class='ocrx_word' id='word_1_505' title='bbox 1273 5054 1304 5116; x_wconf 91' lang='lat' dir='ltr'><strong>in</strong></span> <span class='ocrx_word' id='word_1_506' title='bbox 1337 5053 1529 5135; x_wconf 78' lang='lat' dir='ltr'><strong>patrbrrebio</strong></span> <span class='ocrx_word' id='word_1_507' title='bbox 1560 5053 1593 5114; x_wconf 94' lang='lat' dir='ltr'><strong>in</strong></span> <span class='ocrx_word' id='word_1_508' title='bbox 1625 5053 1753 5116; x_wconf 88' lang='lat' dir='ltr'><strong>nomine</strong></span> <span class='ocrx_word' id='word_1_509' title='bbox 1774 5053 1860 5115; x_wconf 91' lang='lat' dir='ltr'><strong>beati</strong></span> 
     </span>
     <span class='ocr_line' id='line_1_44' title="bbox 234 5169 1860 5272; baseline -0.017 -15"><span class='ocrx_word' id='word_1_510' title='bbox 234 5193 322 5258; x_wconf 82' lang='lat' dir='ltr'><strong>Petri</strong></span> <span class='ocrx_word' id='word_1_511' title='bbox 338 5188 476 5272; x_wconf 74' lang='lat' dir='ltr'><strong>,apomeli</strong></span> <span class='ocrx_word' id='word_1_512' title='bbox 498 5181 630 5247; x_wconf 87' lang='lat' dir='ltr'><strong>diversis</strong></span> <span class='ocrx_word' id='word_1_513' title='bbox 651 5183 798 5242; x_wconf 92' lang='lat' dir='ltr'><strong>ornatum</strong></span> <span class='ocrx_word' id='word_1_514' title='bbox 821 5173 956 5236; x_wconf 89' lang='lat' dir='ltr'><strong>metallis</strong></span> <span class='ocrx_word' id='word_1_515' title='bbox 978 5191 997 5234; x_wconf 91' lang='lat' dir='ltr'><strong>a</strong></span> <span class='ocrx_word' id='word_1_516' title='bbox 1020 5191 1100 5233; x_wconf 93' lang='lat' dir='ltr'><strong>nevo</strong></span> <span class='ocrx_word' id='word_1_517' title='bbox 1124 5169 1231 5232; x_wconf 88' lang='lat' dir='ltr'><strong>refecit</strong></span> <span class='ocrx_word' id='word_1_518' title='bbox 1253 5170 1317 5252; x_wconf 77' lang='grc' dir='ltr'>(ηι),</span> <span class='ocrx_word' id='word_1_519' title='bbox 1340 5175 1371 5230; x_wconf 90' lang='lat' dir='ltr'><strong>et</strong></span> <span class='ocrx_word' id='word_1_520' title='bbox 1392 5169 1639 5250; x_wconf 87' lang='lat' dir='ltr'><strong>circumquaque</strong></span> <span class='ocrx_word' id='word_1_521' title='bbox 1670 5169 1779 5232; x_wconf 88' lang='lat' dir='ltr'><strong>altaris</strong></span> <span class='ocrx_word' id='word_1_522' title='bbox 1804 5187 1860 5248; x_wconf 90' lang='lat' dir='ltr'><strong>pe·</strong></span> 
     </span>
     <span class='ocr_line' id='line_1_45' title="bbox 232 5285 1860 5385; baseline -0.02 -11"><span class='ocrx_word' id='word_1_523' title='bbox 232 5311 329 5374; x_wconf 90' lang='lat' dir='ltr'><strong>rietes</strong></span> <span class='ocrx_word' id='word_1_524' title='bbox 349 5301 579 5385; x_wconf 76' lang='lat' dir='ltr'><strong>deargentavit,</strong></span> <span class='ocrx_word' id='word_1_525' title='bbox 603 5316 639 5359; x_wconf 91' lang='lat' dir='ltr'><strong>ac</strong></span> <span class='ocrx_word' id='word_1_526' title='bbox 662 5292 805 5374; x_wconf 87' lang='lat' dir='ltr'><strong>depinxit</strong></span> <span class='ocrx_word' id='word_1_527' title='bbox 825 5288 992 5352; x_wconf 90' lang='lat' dir='ltr'><strong>duodecim</strong></span> <span class='ocrx_word' id='word_1_528' title='bbox 1015 5285 1185 5368; x_wconf 86' lang='lat' dir='ltr'><strong>apostoles,</strong></span> <span class='ocrx_word' id='word_1_529' title='bbox 1211 5285 1265 5366; x_wconf 91' lang='lat' dir='ltr'><strong>qui</strong></span> <span class='ocrx_word' id='word_1_530' title='bbox 1296 5304 1383 5366; x_wconf 91' lang='lat' dir='ltr'><strong>pens,</strong></span> <span class='ocrx_word' id='word_1_531' title='bbox 1408 5285 1505 5347; x_wconf 88' lang='lat' dir='ltr'><strong>libres</strong></span> <span class='ocrx_word' id='word_1_532' title='bbox 1539 5291 1665 5347; x_wconf 88' lang='lat' dir='ltr'><strong>centum</strong></span> <span class='ocrx_word' id='word_1_533' title='bbox 1688 5289 1720 5345; x_wconf 91' lang='lat' dir='ltr'><strong>et</strong></span> <span class='ocrx_word' id='word_1_534' title='bbox 1749 5287 1860 5343; x_wconf 90' lang='lat' dir='ltr'><strong>octua-</strong></span> 
     </span>
    </p>
   </div>
   <div class='ocr_carea' id='block_1_3' title="bbox 750 5505 1269 5558">
    <p class='ocr_par' dir='ltr' id='par_1_3' title="bbox 750 5505 1269 5558">
     <span class='ocr_line' id='line_1_46' title="bbox 750 5505 1269 5558; baseline -0.013 1"><span class='ocrx_word' id='word_1_535' title='bbox 750 5511 877 5558; x_wconf 74' lang='lat' dir='ltr'>NOTULAE</span> <span class='ocrx_word' id='word_1_536' title='bbox 898 5507 1090 5555; x_wconf 74' lang='lat' dir='ltr'><strong>maturitates</strong></span> <span class='ocrx_word' id='word_1_537' title='bbox 1111 5505 1269 5553; x_wconf 76' lang='lat' dir='ltr'><strong>FABRO&#39;I&#39;H·</strong></span> 
     </span>
    </p>
   </div>
   <div class='ocr_carea' id='block_1_4' title="bbox 145 5656 1866 5893">
    <p class='ocr_par' dir='ltr' id='par_1_4' title="bbox 145 5656 1866 5893">
     <span class='ocr_line' id='line_1_47' title="bbox 188 5656 1861 5776; baseline -0.025 -26"><span class='ocrx_word' id='word_1_538' title='bbox 188 5692 227 5764; x_wconf 83' lang='grc' dir='ltr'><strong>(α)</strong></span> <span class='ocrx_word' id='word_1_539' title='bbox 244 5703 391 5776; x_wconf 74' lang='lat' dir='ltr'><strong>egressus.</strong></span> <span class='ocrx_word' id='word_1_540' title='bbox 424 5685 461 5758; x_wconf 86' lang='lat' dir='ltr'><strong>(b)</strong></span> <span class='ocrx_word' id='word_1_541' title='bbox 475 5683 506 5750; x_wconf 86' lang='lat' dir='ltr'><strong>B,</strong></span> <span class='ocrx_word' id='word_1_542' title='bbox 519 5679 642 5736; x_wconf 88' lang='lat' dir='ltr'><strong>remissa</strong></span> <span class='ocrx_word' id='word_1_543' title='bbox 655 5673 788 5747; x_wconf 87' lang='lat' dir='ltr'><strong>ejusdem</strong></span> <span class='ocrx_word' id='word_1_544' title='bbox 805 5672 936 5754; x_wconf 24' lang='lat' dir='ltr'><strong>litaminis·</strong></span> <span class='ocrx_word' id='word_1_545' title='bbox 952 5668 1136 5726; x_wconf 87' lang='lat' dir='ltr'><strong>sedederint.</strong></span> <span class='ocrx_word' id='word_1_546' title='bbox 1167 5665 1250 5735; x_wconf 81' lang='lat' dir='ltr'><strong>(c)ll,</strong></span> <span class='ocrx_word' id='word_1_547' title='bbox 1268 5664 1427 5736; x_wconf 88' lang='lat' dir='ltr'><strong>protestab.</strong></span> <span class='ocrx_word' id='word_1_548' title='bbox 1456 5661 1494 5744; x_wconf 79' lang='lat' dir='ltr'><strong>(d)</strong></span> <span class='ocrx_word' id='word_1_549' title='bbox 1511 5659 1710 5750; x_wconf 57' lang='lat' dir='ltr'><strong>(illaturus.</strong></span> <span class='ocrx_word' id='word_1_550' title='bbox 1728 5656 1772 5738; x_wconf 77' lang='lat' dir='ltr'><strong>ud</strong></span> <span class='ocrx_word' id='word_1_551' title='bbox 1790 5670 1861 5737; x_wconf 76' lang='lat' dir='ltr'><strong>equ.</strong></span> 
     </span>
     <span class='ocr_line' id='line_1_48' title="bbox 145 5725 1866 5830; baseline -0.028 -11"><span class='ocrx_word' id='word_1_552' title='bbox 145 5762 271 5820; x_wconf 79' lang='lat' dir='ltr'><strong>Domine</strong></span> <span class='ocrx_word' id='word_1_553' title='bbox 284 5759 350 5816; x_wconf 87' lang='lat' dir='ltr'><strong>7l5.</strong></span> <span class='ocrx_word' id='word_1_554' title='bbox 380 5754 597 5830; x_wconf 72' lang='lat' dir='ltr'><strong>(eprestaeat.</strong></span> <span class='ocrx_word' id='word_1_555' title='bbox 626 5743 948 5821; x_wconf 73' lang='lat' dir='ltr'><strong>(s)B,versut1,velut¹.</strong></span> <span class='ocrx_word' id='word_1_556' title='bbox 976 5741 1194 5820; x_wconf 74' lang='lat' dir='ltr'><strong>(dicer-rectore.</strong></span> <span class='ocrx_word' id='word_1_557' title='bbox 1224 5733 1420 5818; x_wconf 66' lang='lat' dir='ltr'><strong>(meastuldq.</strong></span> <span class='ocrx_word' id='word_1_558' title='bbox 1454 5731 1708 5802; x_wconf 52' lang='lat' dir='ltr'><strong>(ammonitrum),</strong></span> <span class='ocrx_word' id='word_1_559' title='bbox 1737 5727 1772 5798; x_wconf 62' lang='lat'><strong>(3)</strong></span> <span class='ocrx_word' id='word_1_560' title='bbox 1788 5725 1866 5787; x_wconf 62' lang='lat' dir='ltr'><strong>Vuae</strong></span> 
     </span>
     <span class='ocr_line' id='line_1_49' title="bbox 158 5807 1432 5893; baseline -0.026 -2"><span class='ocrx_word' id='word_1_561' title='bbox 158 5838 266 5893; x_wconf 80' lang='lat' dir='ltr'><strong>lieren.</strong></span> <span class='ocrx_word' id='word_1_562' title='bbox 281 5832 324 5890; x_wconf 84' lang='lat' dir='ltr'><strong>ad</strong></span> <span class='ocrx_word' id='word_1_563' title='bbox 337 5847 404 5888; x_wconf 81' lang='lat' dir='ltr'><strong>ean.</strong></span> <span class='ocrx_word' id='word_1_564' title='bbox 420 5825 538 5888; x_wconf 82' lang='lat' dir='ltr'><strong>Domini</strong></span> <span class='ocrx_word' id='word_1_565' title='bbox 550 5823 615 5880; x_wconf 78' lang='lat'><strong>725.</strong></span> <span class='ocrx_word' id='word_1_566' title='bbox 645 5819 683 5891; x_wconf 80' lang='lat' dir='ltr'><strong>(t)</strong></span> <span class='ocrx_word' id='word_1_567' title='bbox 699 5815 798 5872; x_wconf 90' lang='lat' dir='ltr'><strong>libello</strong></span> <span class='ocrx_word' id='word_1_568' title='bbox 814 5815 943 5871; x_wconf 89' lang='lat' dir='ltr'><strong>didebat.</strong></span> <span class='ocrx_word' id='word_1_569' title='bbox 973 5816 1004 5882; x_wconf 76' lang='lat' dir='ltr'><strong>(t)</strong></span> <span class='ocrx_word' id='word_1_570' title='bbox 1021 5814 1050 5878; x_wconf 87' lang='lat' dir='ltr'><strong>C,</strong></span> <span class='ocrx_word' id='word_1_571' title='bbox 1068 5811 1221 5866; x_wconf 76' lang='lat' dir='ltr'><strong>directum.</strong></span> <span class='ocrx_word' id='word_1_572' title='bbox 1252 5807 1432 5878; x_wconf 80' lang='lat' dir='ltr'><strong>(m)tl‚lecrt.</strong></span> 
     </span>
    </p>
   </div>
   <div class='ocr_carea' id='block_1_5' title="bbox 0 0 2033 6164">
    <p class='ocr_par' dir='ltr' id='par_1_5' title="bbox 0 0 2033 6164">
     <span class='ocr_line' id='line_1_50' title="bbox 0 0 2033 6164; baseline 0 0"><span class='ocrx_word' id='word_1_573' title='bbox 0 0 2033 6164; x_wconf 95' lang='lat' dir='ltr'><strong> </strong></span> 
     </span>
    </p>
   </div>
  </div>
 </body>
</html>
