4052 6164
142 154 223 224 lma
593 160 870 258 auscultarunt
892 161 1085 230 carasca}
1106 159 1394 228 remmiscere.
1767 159 1850 228 iffi

140 289 332 373 abtomaibus
352 309 426 368 pena
440 293 484 352 vir
505 294 679 354 venerabilis
704 297 807 354 Petrus
829 295 966 354 altinatis
980 299 1008 367 Α
1022 312 1074 370 par
1088 313 1151 369 que
1167 300 1298 368 tempora
1312 312 1377 369 que
1402 291 1479 352 bella
1501 293 1598 353 civilia
1619 297 1702 370 gesta
1724 293 1783 354 sint
1802 295 1847 355 vel

139 377 329 447 episcopusa
351 383 419 440 rege
443 366 574 426 visitator
597 366 730 426 Ecclesiae
755 368 891 426 Romane
916 369 965 428 da·
1022 373 1132 440 quanta
1146 366 1304 424 homicidia
1317 371 1492 494 peffetrata,
1509 383 1567 425 non
1582 370 1627 424 est
1641 367 1776 441 prasenti
1800 384 1845 426 re·

140 437 282 512 poscitur,
300 439 328 491 st
343 442 409 509 post
424 441 555 495 sanctam
580 438 766 496 testivitatem
791 440 921 512 synodus
937 439 966 495 in
1019 438 1127 495 latione
1142 439 1341 512 pandendum.
1383 454 1494 511 umque
1508 442 1606 511 partes
1621 443 1725 497 mutua
1739 455 1771 497 se
1786 437 1845 496 dis·

139 505 243 561 urbem
260 507 383 564 liornam
400 508 614 590 provoluntate
633 516 754 567 senatus
778 516 807 566 et
829 509 897 567 cleri
916 512 966 582 ju·
1020 511 1155 566 sensione
1168 509 1322 574 collidunt,
1338 525 1371 566 ac
1388 526 1440 582 pro
1455 510 1518 566 suis
1534 509 1640 566 studiis
1655 510 1752 584 regale
1772 526 1845 584 prs·

139 575 227 633 hante
243 593 318 650 rege,
333 579 369 635 de
383 595 448 651 cyus
464 581 631 636 excessibus
641 581 809 664 ¹judicatura
821 581 963 640 convenit.
1020 581 1128 638 sidium
1158 597 1234 653 saepe
1261 581 1434 652 deposcunt,
1451 581 1486 636 ad
1511 579 1650 638 ultimum
1675 581 1846 654 petitionem

137 648 233 719 Atque
249 648 278 703 id
291 648 390 722 agitur
404 667 421 706 a
436 650 585 708 nonnullis
609 653 754 725 episcopis
775 657 804 709 et
827 652 966 709 senatori·
1020 651 1213 726 Symmachus
1230 651 1290 734 regi
1306 651 1537 723 perDioscorum
1546 651 1773 709 Alexandrinum
1786 652 1846 709 dia·

138 718 230 775 bus...
247 735 317 776 nc...
330 720 373 777 Ι...
386 737 415 776 m
432 723 763 794 Symmac...audientiae
780 723 963 780 subderetur.
1019 739 1125 780 conum
1140 724 1305 789 destinavit,
1322 738 1456 778 asserens
1472 739 1612 796 magnum
1632 723 1688 781 sibi
1709 724 1845 797 prejudi-

138 789 198 846 lioc
233 793 310 846 alam
328 808 379 862 pro
395 793 459 862 ejus
473 793 642 852 defensione
663 793 868 861 clamantibus,
886 795 964 866 quod
1018 794 1096 852 cium
1108 793 1182 862 fieri,
1198 799 1226 850 et
1240 793 1365 850 maxime
1380 793 1417 848 de
1435 792 1530 850 titulis
1552 793 1752 864 ecclesiarum,
1768 811 1843 868 quos

138 807 252 919 anuiio
267 863 361 936 possit
375 863 525 920 Romanus
538 865 676 938 pontifex,
691 866 779 922 etiam
793 864 818 922 si
832 865 901 921 talis
915 866 963 932 sit,
1016 865 1096 922 intra
1118 865 1224 922 Urbem
1248 863 1421 921 Laurentius
1446 863 1604 921 obtinebat.
1620 866 1662 921 Ad
1679 865 1754 922 hanc
1769 865 1842 923 insi-

136 931 234 1004 qualia
258 937 423 1004 accusatur,
439 935 550 1004 audiri,
566 936 617 992 sed
641 935 790 993 electiores
819 937 964 992 antistites
1017 936 1186 992 nuationem
1203 935 1279 1008 regia
1295 934 1412 992 animus
1427 932 1577 1002 delinitus,
1594 935 1714 1008 patricio
1735 935 1766 992 F.
1784 977 1791 992 .
1811 976 1841 994 ..

135 1008 196 1059 tam
214 1021 265 1076 pro
281 1003 429 1077 religionis
444 1004 552 1062 intuitu
568 1023 657 1079 quam
674 1024 726 1082 pro
742 1006 820 1090 rogia
830 1007 964 1078 jussione
1038 1011 1160 1078 recepta
1174 1005 1283 1078 dirigit,
1294 1007 1455 1062 admonens
1466 1007 1498 1061 ut
1508 1021 1609 1062 omnes
1619 1003 1753 1064 Ecclesia
1764 1006 1842 1065 tituli

137 1076 297 1131 censebant
311 1081 397 1132 tanta
413 1077 453 1132 rei
469 1078 618 1150 nogotium
635 1095 708 1151 pene
732 1080 839 1150 ubique
862 1079 963 1151 vulga·
1017 1024 1191 1148 Symmacho
1207 1079 1410 1145 rclbrmentur,
1427 1081 1456 1132 et
1471 1093 1563 1132 unum
1578 1075 1676 1134 Romae
1695 1083 1843 1150 pateretur

134 1145 962 1220 tumsinaexaminenullatcnusdeserendanr.Cumqus
1015 1147 1379 1220 cssepontillcamzquod
1409 1147 1459 1202 ubi
1489 1147 1663 1204 Laurentius
1689 1148 1840 1222 comperit,

136 1217 268 1300 synodus
283 1219 337 1303 sub
354 1218 409 1274 hac
424 1219 606 1302 dissonantia
620 1220 687 1292 plus
704 1219 780 1275 inter
800 1225 898 1302 partes
911 1219 963 1275 mi-
1016 1219 1122 1276 Urbem
1139 1217 1232 1300 noluit
1247 1219 1386 1300 diuturna
1401 1217 1605 1301 colluctatione
1616 1219 1723 1302 uexari,
1740 1237 1773 1302 ao
1789 1236 1842 1302 sua

134 1291 963 1441 ttlt‘lltlttfflhttlt.{Statellati}
1015 1291 1518 1443 titt.statilintttttt
1531 1291 1840 1444 titillabat

134 1435 291 1503 susceptus
307 1435 382 1486 rator
400 1437 482 1506 gesta
505 1432 675 1489 solemniter
696 1434 883 1505 panderetur.
899 1436 961 1499 Quo
1015 1434 1070 1488 sub
1086 1432 1196 1504 ingenti
1213 1431 1389 1487 abstinentia
1403 1430 1636 1487 terminnmvitoe
1652 1437 1839 1490 somatusest.

134 1500 210 1558 lacto
239 1519 305 1558 mox
334 1519 386 1575 par
413 1503 564 1576 episcopas
593 1504 670 1560 idem
699 1503 903 1577 Symmachus,
928 1508 961 1560 ut
1014 1503 1224 1578 Symmachum
1238 1517 1306 1558 vero
1321 1503 1666 1629 postmodum,quamvis
1688 1503 1839 1571 viatorem,

133 1578 269 1632 occurrat
297 1573 333 1630 ad
358 1574 516 1646 judicium,
532 1575 712 1632 convenitur.
729 1575 785 1632 Sed
814 1591 881 1632 cum
908 1591 961 1648 per
1014 1575 1051 1631 da
1081 1575 1183 1630 multis
1213 1575 1301 1632 rebus
1337 1590 1405 1630 arna
1427 1573 1616 1642 decolorav1t;
1633 1574 1795 1642 obscenior,
1812 1579 1842 1632 et

134 1641 256 1700 clericos
285 1643 337 1717 qui
361 1645 386 1700 ei
411 1646 606 1703 observabant
630 1645 734 1703 luisset
761 1647 826 1718 ojus
854 1650 960 1719 negata
976 1669 999 1734 B
1015 1645 1140 1702 maxime
1156 1645 1191 1702 de
1211 1644 1270 1711 illa,
1287 1661 1376 1718 quam
1399 1644 1486 1726 vulgo
1515 1644 1710 1708 conditariam
1732 1644 1840 1702 vocita-

134 1714 299 1787 prssentia,
309 1715 416 1774 iterum
429 1721 457 1773 et
471 1718 556 1774 tertio
571 1718 733 1774 secandum
746 1717 862 1790 regulas
877 1724 909 1773 ut
923 1718 962 1774 ad
1014 1717 1086 1774 bant
1101 1733 1107 1772 ε
1126 1733 1238 1774 necnon
1262 1723 1290 1772 et
1314 1717 1350 1772 do
1367 1715 1520 1772 ordinibus
1535 1714 1750 1783 aeclesiasticis,
1766 1732 1840 1798 quos

134 1785 304 1858 synodalem
319 1787 471 1844 conveniat
489 1789 668 1844 audientiam
685 1805 736 1862 per
750 1788 898 1846 antistites
912 1789 961 1844 ad·
1013 1789 1141 1862 acceptis
1162 1786 1259 1860 palam
1304 1786 1416 1869 conniis
1440 1786 1623 1869 distrahebat
1628 1803 1637 1854 3
1652 1804 1705 1869 pro
1729 1787 1839 1860 quibus

134 1861 287 1925 macetum
304 1858 477 1932 nullumque
491 1860 682 1934 dignatusest
696 1861 764 1916 dare
774 1875 959 1942 responsum.
1014 1861 1103 1916 rebus
1117 1859 1263 1932 usquead
1279 1805 1367 1914 inem
1382 1862 1445 1913 vrtae
1470 1874 1535 1928 cyus
1556 1855 1685 1914 Ecclesia
1708 1857 1841 1918 Romana

134 1929 217 1984 Tunc
232 1927 374 2001 aliquanti
389 1931 516 2057 episoogi
530 1931 661 1987 videntes
675 1929 749 1986 nihil
772 1945 803 1986 se
818 1946 848 1986 tn
870 1947 961 1987 causa
1014 1931 1044 1986 in
1054 1929 1457 2004 schismatcperduravit.llic
1467 1927 1544 1984 beati
1556 1928 1673 1985 Martini
1683 1928 1837 1986 ecclesiam

133 1999 284 2071 prolicere,
301 1998 411 2056 clerum
423 2000 472 2084 qui
508 2001 662 2058 iecessarat
676 2018 693 2057 a
705 2001 850 2057 consortio
875 2001 959 2075 Sym·
1008 2002 1094 2074 J'uxaa
1108 2003 1249 2058 Sanctum
1265 2000 1432 2057 Silvestrem
1449 1999 1570 2057 Palatini
1585 1997 1708 2056 illustris
1722 1999 1779 2077 riri¹

135 2069 233 2128 machi
262 2068 352 2126 semol
376 2077 405 2128 et
433 2077 539 2130 iterum
563 2077 761 2140 commonent,
778 2077 810 2127 ut
828 2073 864 2129 ad
890 2089 958 2129 cum
1013 2073 1109 2129 cuniis
1124 2071 1271 2131 fabricans
1286 2075 1315 2128 ct
1328 2087 1523 2139 exornans‚eo
1537 2070 1601 2144 ipsc
1617 2071 1744 2128 instante
1759 2072 1795 2128 de
1816 2072 1839 2126 i·

134 2139 330 2214 pretermisso
357 2148 518 2201 revertatur
544 2145 686 2200 examine.
709 2143 764 2209 Qui
789 2160 820 2200 se
850 2160 959 2216 nequa·
1013 2145 1088 2200 cavit
1104 2161 1111 2200 :
1129 2142 1372 2200 nonnullaetiam
1388 2141 1837 2216 cmmeteriaicod.,cymeteria,

134 2228 225 2295 quam
239 2211 294 2294 hoo
309 2213 404 2295 iacere
418 2231 504 2297 posse
517 2215 667 2288 respondit
682 2214 763 2289 prius
785 2231 853 2271 uam
868 2214 959 2270 tantia
1013 2219 1042 2272 et
1065 2214 1190 2272 maxime
1215 2213 1312 2271 Sancti
1339 2211 1483 2270 Pancratii
1507 2230 1660 2282 renovans,
1672 2212 1758 2287 plura
1781 2211 1800 2269 il
1824 2231 1842 2272 o

134 2285 310 2340 oraminibus
324 2289 487 2358 impetitus,
503 2285 685 2343 discussione
701 2231 826 2359 regniaci
848 2285 891 2342 vel
907 2285 959 2342 ab·
1014 2303 1088 2342 nova
1121 2302 1216 2358 noque
1230 2283 1401 2342 construxit.
1480 2293 1486 2300 “

134 2353 314 2422 selesiensi
330 2355 470 2414 innocens
486 2358 582 2429 buerit,
596 2357 652 2425 vel,
667 2356 693 2414 si
712 2374 779 2414 reus
803 2355 959 2426 exstiterit,
1049 2303 1121 2413 eni.
1138 2355 1294 2414 Hormisda
1308 2355 1383 2413 sedit
1397 2369 1492 2413 annos
1507 2369 1610 2412 navem
1626 2355 1689 2413 dias
1699 2355 1800 2414 wem
1810 2359 1840 2414 et

135 2425 328 2483 asacerdctio
355 2428 526 2500 deponatur.
543 2427 599 2486 Sed
629 2445 726 2485 moras
752 2427 956 2512 episcopia...
1013 2432 1136 2554 septam.

135 2495 959 2582 ...ntiscumvidercntmagisarmagisstndradivrsronis
1072 2497 1118 2555 lV.
1134 2498 1263 2556 loannes
1288 2496 1365 2554 sedit
1388 2495 1566 2564 succedas,
1583 2509 1701 2554 manses
1721 2511 1837 2566 novem,

133 2567 318 2642 augerique
329 2567 385 2625 sibi
401 2568 486 2626 utilia
499 2587 561 2628 vasa
576 2573 646 2627 sunt
656 2587 708 2644 pro
718 2568 887 2644 Symmachi
897 2586 959 2641 per·
1012 2569 1074 2626 dles
1090 2569 1245 2626 sexdecim.
1798 2636 1804 2648 y

132 2655 204 2696 sona
219 2638 418 2709 constituunt;
433 2645 463 2697 et
475 2639 517 2698 sio
538 2641 646 2700 Urbem
671 2641 700 2696 in
725 2656 842 2698 summa
857 2639 958 2696 consu·
1048 2640 1103 2697 LV.
1121 2639 1200 2697 Folia
1214 2637 1393 2700 seditanucs
1408 2641 1543 2714 quatuor,
1560 2653 1676 2700 menses
1691 2637 1760 2706 duo,
1775 2637 1839 2702 ,dats

131 2709 214 2767 sione
229 2709 553 2783 derelinquunt.Clerus
566 2729 634 2784 ergo
650 2717 678 2769 ot
693 2715 813 2770 senatus
828 2710 956 2780 electior,
1012 2711 1176 2770 duodecim.

131 2779 190 2862 qai·
212 2781 390 2838 consortium
418 2783 557 2840 vitaverat
586 2782 765 2866 Symmachi,
787 2781 957 2855 petitionem
1047 2783 1117 2840 LVl.
1133 2781 1300 2840 Boniiacius
1315 2781 1391 2838 sedit
1406 2797 1499 2838 annos
1512 2780 1580 2849 duo,
1596 2780 1658 2838 dies
1681 2777 1785 2854 viginti
1806 2783 1838 2840 et

131 2854 958 3008 ffiegzoaepffigffgfflpasffi{krgffirzigfflnfigmagrepgore
1012 2871 1128 2982 sofivit.
1144 2925 1272 2982 loannes
1288 2923 1363 2982 sedit
1377 2941 1470 2982 annos
1484 2925 1554 2992 duo,
1565 2939 1682 2982 menses
1696 2926 1835 2996 quatacor,

131 2996 339 3077 optionemque
354 2996 515 3078 decimans,
532 3002 564 3054 ut
578 3013 641 3070 1pse
656 2997 793 3053 Romanae
813 2997 954 3079 paesede·
1010 2996 1072 3054 dies
1087 3013 1148 3056 sex.
1246 3067 1251 3080 ¹
1795 3063 1803 3078 ‚

131 3064 335 3148 retoltcclesne,
353 3067 530 3125 ubrdudum
550 3069 645 3125 luerat
666 3083 802 3124 summus
827 3036 992 3139 pontifexC
1047 3067 1303 3142 LVlll.Agap1tus
1338 3067 1414 3124 sedit
1450 3083 1567 3124 menses
1594 3065 1743 3133 undecim,
1773 3063 1837 3122 dies

131 3135 294 3193 ordinatus.
310 3137 385 3204 Quis
411 3139 466 3196 hoo
491 3145 519 3196 at
545 3139 707 3197 canonibus
728 3143 805 3196 esset
823 3137 955 3206 affixum,
1011 3144 1085 3198 octo.

131 3209 165 3262 ut
181 3207 385 3281 unusquisque
399 3210 458 3267 illie
479 3215 649 3284 permaneat
678 3210 728 3267 ubi
753 3210 890 3282 primitus
913 3213 958 3266 est
1047 3209 1141 3268 LVlX.
1158 3208 1298 3268 Silvcrius
1313 3209 1387 3266 sedit
1402 3226 1519 3268 menses
1534 3225 1647 3266 novem.
1897 3269 1901 3279 ,

131 3283 319 3336 consecratus
333 3280 471 3350 antistiam
486 3281 529 3338 vel
546 3282 570 3338 si
584 3283 761 3355 quibusdam
782 3280 957 3338 commentis
1047 3281 1102 3338 LX.
1118 3281 1243 3356 Vigilius
1258 3281 1335 3338 sedit
1348 3298 1441 3338 annos
1454 3282 1553 3340 decern
1575 3283 1604 3338 et
1628 3281 1704 3348 octo,
1720 3295 1838 3338 meuses

131 3348 237 3405 exinde
255 3356 386 3408 remotus
412 3352 590 3423 inerit,eum
618 3352 713 3408 modia
736 3353 873 3409 omnibus
893 3369 958 3409 csso
1011 3353 1159 3420 duo,dies
1183 3369 1296 3409 novem.
1318 3353 1442 3409 Moritur
1465 3353 1494 3407 in
1525 3352 1680 3424 Syracusis
1707 3351 1840 3410 soconda

130 3421 338 3478 revocandum.
355 3423 402 3480 Sic
414 3423 589 3480 Laurentius
603 3425 639 3482 ad
656 3423 762 3480 Urbem
773 3425 958 3496 veniens,per
1011 3423 1092 3492 seria,
1109 3428 1202 3492 nocie,
1220 3423 1343 3498 septimo
1369 3425 1437 3480 ldus
1465 3424 1581 3489 lunias,
1596 3421 1754 3480 indictione
1776 3426 1836 3478 ter-

131 3505 225 3547 annos
239 3491 354 3550 circiter
368 3500 495 3567 quatuor
507 3495 670 3554 Romanam
686 3494 780 3551 tenuit
798 3493 957 3552 Ecclesiam
1012 3495 1053 3553 tia
1067 3499 1117 3566 (a).

166 3633 205 3706 (a)
220 3633 273 3693 ilio
282 3653 351 3713 ergo
365 3636 520 3713 Catalogua
534 3637 663 3713 scriptus
673 3641 718 3696 est
732 3654 808 3694 anno
822 3639 885 3695 555.
