4036 6164
114 3879 115 3884 ,
213 3827 395 3886 Lusitaniam
412 3830 584 3888 Sallustium
600 3832 801 3906 Hispalensem
816 3832 1038 3904 vicariumapo-
1094 3830 1316 3890 Christianofflo

205 127 267 203 soi
776 139 1000 209 ,misrisii
1021 139 1348 206 nisiioriiaciiui.
1792 110 1801 118 ’
1835 155 1886 225 ιιι

208 269 376 340 turbarunt,
393 267 517 328 alterum
532 270 664 332 schisma
678 273 827 333 inducturi
838 277 1035 350 pernovitatie
1048 279 1076 346 A
1090 273 1204 344 tricies,
1221 278 1250 333 et
1264 274 1407 333 exarchus
1421 272 1510 332 italie
1528 272 1645 334 veniens
1658 276 1784 352 Romam,
1799 285 1889 350 detulit

209 341 305 399 ideam
322 359 384 398 ase
399 341 546 401 obstinata
563 351 726 418 promotam
738 347 771 405 de
785 365 839 405 uno
854 365 889 405 ea
906 350 1035 406 Trinitate
1091 364 1191 404 aecum
1207 364 1321 404 sacram
1336 347 1482 404 Anastasii
1498 345 1666 420 principis.»
1684 351 1762 409 Idem
1775 353 1888 418 inloca-

210 414 577 488 incamecmcifiaomujue
592 417 732 475 thematis
747 420 794 476 ins
816 421 1035 476 actionemcum
1090 436 1127 475 ne
1139 419 1193 483 lu:
1207 443 1219 468 ιι
1233 419 1368 492 Dirigens
1404 435 1435 474 er
1450 434 1499 474 eos
1514 422 1543 474 et
1561 435 1681 488 sacram,
1692 439 1741 495 per
1753 441 1833 497 quam
1846 433 1887 487 de·

209 438 814 567 legatisapostolicesecisprimumobtui)
1382 435 1402 544 P

208 553 1037 635 tinopoli,luisaontquefraudatispeapprobationis;able·
1090 567 1192 618 contra
1207 563 1372 618 Donatistae
1387 565 1454 634 post
1472 561 1580 629 collat..
1597 577 1660 634 cap.
1676 564 1706 618 31
1725 581 1732 621 ε
1748 588 1761 616 ιι
1777 566 1817 623 Illi
1831 587 1889 642 ρει.

208 629 316 698 gerunt
326 625 449 684 Romam
460 632 616 702 quesitum
628 633 663 688 ab
674 632 800 706 ipsomet
810 634 947 706 pontillce
957 638 1037 690 auto·
1090 637 1155 689 tant
1169 633 1330 688 multorum
1346 633 1555 758 imperatorum
1570 648 1721 700 ascranae
1734 635 1792 693 sola
1805 649 1889 711 porta·

208 701 376 754 ramentum
401 717 460 756 sue
481 703 691 774 productionis.
709 704 911 760 Hormisdasa
932 705 1036 777 legatis
1090 721 1157 760 mus
1171 704 1248 760 llvsn
1270 703 1335 760 elia.
1353 725 1367 754 ιι
1413 703 1477 776 eleg
1501 703 1576 776 epist
1599 703 1634 759 ad
1660 705 1836 765 Laurentium
1851 729 1889 785 ep.

208 766 385 838 admonitos,
398 771 723 844 providenterdilataad
733 775 863 847 ipsorum
879 776 1035 832 adventum
1090 720 1342 831 Centumceilens:
1359 797 1373 824 ιι
1389 775 1508 830 Sacram
1532 774 1683 831 insinuant
1701 793 1730 832 sc
1744 778 1890 839 clementis·

208 853 308 908 causa,
321 857 378 897 non
390 857 454 899 esse
467 842 591 902 ulterius
607 846 823 918 procedendum
836 845 926 902 inille
941 847 1034 914 duxit,
1090 845 1157 903 simi
1174 846 1314 930 principis
1329 845 1531 918 impetrasse.»
1544 845 1613 902 Can.
1627 847 1778 919 Primipali
1791 852 1823 906 83
1832 853 1891 909 dist.

209 912 1036 989 cumaccepissetmonacborummissos,tiedioeiispecta-
1125 917 1891 990 Numantines-Tacinaticctttpoenmrniaudcst,

208 980 298 1039 tionis
309 983 428 1041 allectos
438 984 507 1042 hinc
517 987 686 1058 excessisse,
698 993 726 1044 et
736 990 889 1061 ceteroqui
905 1006 1036 1062 comper·
1090 987 1246 1044 formulam
1262 987 1451 1062 professionis
1472 987 1539 1044 fidei
1556 992 1585 1042 ct
1599 988 1765 1057 ejurationis
1779 989 1891 1060 heresis,

208 1053 417 1123 tumhaberet,
434 1056 605 1114 scandalum
649 1058 726 1115 otius
742 1060 929 1124 divisionum,
946 1078 1035 1133 quom
1111 1077 1154 1115 un
1170 1059 1303 1116 iacienda
1325 1059 1517 1115 eiataPetro
1543 1057 1735 1114 Alexandrino
1758 1066 1785 1116 et
1807 1063 1892 1122 tascie

209 1123 431 1210 adillcatiopem
460 1129 594 1212 Ecclesia
623 1076 683 1186 ltine
708 1132 944 1204 exspectandam,
961 1131 984 1187 si
1001 1131 1036 1187 de
1090 1075 1409 1214 {contantinopolitano
1425 1129 1894 1212 episcopisSuradixitsimplici·

210 1195 307 1280 iniitili
323 1196 494 1268 hujusmodi
509 1202 661 1258 enuntiato
676 1207 753 1258 esset
767 1203 1034 1274 interloquendum.
1090 1203 1274 1268 tentantem
1297 1201 1395 1258 libatis.
1412 1202 1520 1256 Tantus
1550 1217 1602 1273 pro
1626 1147 1709 1268 libro,
1734 1200 1775 1257 vel
1801 1204 1893 1262 codice.

222 1265 285 1323 l'rde
312 1269 382 1340 epist
406 1271 512 1327 tustini
539 1272 597 1343 lup
620 1281 646 1329 et
664 1273 784 1330 ationem
799 1283 857 1345 past
871 1276 953 1330 Herm
967 1277 1038 1347 epist
1090 1272 1200 1346 Gregor
1221 1273 1261 1329 lib
1280 1290 1331 1339 vii,
1352 1289 1397 1346 ερ.
1423 1271 1467 1328 49.
1481 1273 1514 1327 ln
1530 1279 1605 1328 matu
1618 1273 1759 1344 Heptatici.
1775 1273 1847 1329 idem
1861 1274 1894 1330 lib

247 1379 254 1403 ,
268 1339 304 1394 ci
318 1343 348 1395 ct
360 1341 406 1396 71.
422 1342 488 1398 ltem
500 1343 621 1415 ejusdem
634 1347 717 1401 llorm
729 1347 798 1418 epist
811 1345 871 1416 70.)
1089 1361 1139 1412 xii,
1151 1361 1166 1400 ε
1188 1343 1227 1400 ist
1236 1345 1271 1400 30
1281 1344 1311 1400 iii
1326 1344 1384 1399 fine
1399 1341 1482 1425 dixit,
1498 1343 1617 1399 codicem
1629 1344 1772 1425 Heptatiai,
1786 1344 1894 1402 'l'eiitum

245 1408 396 1467 Postrema
418 1411 476 1469 ista
499 1415 585 1471 nobis
612 1416 781 1472 manilestat
799 1416 871 1472 tanti
889 1415 1036 1488 pontilicis
1089 1414 1153 1470 vite
1167 1361 1280 1472 grisini
1296 1414 1431 1470 monachi
1444 1413 1629 1471 Caseinensis
1644 1413 1716 1469 dixit
1730 1419 1783 1470 teo
1796 1415 1896 1473 Ostiens

209 1477 387 1564 laudabilem
394 1483 684 1568 circumspectionem
692 1486 926 1544 addcclinendas
936 1488 1037 1558 huius·
1088 1484 1130 1542 lib
1146 1502 1188 1552 iii,
1203 1485 1328 1542 Chronio
1343 1485 1414 1541 Cass
1429 1487 1473 1541 47.
1744 1555 1748 1566 Ι

209 1551 290 1608 modi
300 1552 390 1609 tricas
399 1559 429 1610 ct
439 1571 473 1611 ex
483 1557 591 1614 animis
601 1556 733 1613 fidelium
744 1559 929 1626 amovendas,
942 1564 976 1614 ut
989 1575 1036 1614 eo·
1125 1557 1211 1613 Num.
1224 1558 1268 1624 84,
1280 1556 1332 1612 lin.
1343 1558 1370 1612 6.
1382 1587 1417 1597 —
1426 1557 1457 1612 ln
1467 1555 1897 1628 quibasetlustinusrmperatorct

209 1620 364 1680 lidioribus
379 1627 486 1683 studiis
500 1628 575 1684 scita
589 1630 719 1697 Petrum,
735 1633 763 1684 et
777 1635 857 1685 rotas
876 1630 1036 1686 sententias
1053 1649 1076 1714 Β
1093 1628 1243 1684 Vitalianus
1256 1628 1349 1684 consul
1363 1627 1449 1684 simut
1462 1634 1641 1684 occurrerunt
1653 1641 1715 1681 cant
1725 1626 1810 1695 picria
1820 1628 1896 1682 etica-

210 1692 265 1749 aibi
277 1698 488 1754 consectandas
498 1715 550 1771 pro
573 1705 707 1757 onerent:
721 1717 788 1756 cum
798 1698 830 1757 ln
844 1700 942 1757 Fausti
952 1699 1037 1757 libris
1091 1699 1181 1756 dibus.
1198 1699 1215 1755 J
1218 1700 1334 1756 ustinus
1348 1697 1507 1771 imperator
1515 1703 1543 1754 et
1551 1696 1716 1753 Vitalianus
1730 1697 1896 1752 consolabili

209 1764 267 1822 sibi
282 1765 388 1824 delatis
402 1767 444 1824 ita
457 1717 592 1827 rescribit
608 1787 614 1827 :
1091 1774 1281 1826 occurrerunt
1295 1769 1400 1844 legatis
1416 1769 1494 1826 sedis
1514 1771 1532 1824 Α
1556 1767 1685 1824 ostolicae
1701 1783 1766 1823 cum
1781 1766 1864 1849 gloria
1875 1773 1898 1850 et

224 1907 231 1920 .
246 1836 313 1920 alii
327 1854 404 1920 vero,
417 1856 491 1912 quoa
505 1859 556 1907 vos
572 1843 608 1898 de
625 1841 724 1898 Fausti
737 1843 892 1913 cujusdam
903 1841 976 1898 Galli
989 1858 1037 1897 an·
1089 1840 1239 1904 laudibus,
1255 1841 1285 1896 id
1300 1847 1355 1909 est,
1371 1856 1438 1897 eum
1452 1786 1590 1896 crucibus
1603 1844 1633 1896 et
1647 1837 1748 1904 cereis,
1757 1842 1784 1894 et
1793 1843 1898 1895 canticis

210 1912 313 1966 tistitus
329 1909 415 1966 dictis
430 1911 614 1970 consuluisse
636 1912 741 1969 litteris
758 1912 919 1980 indicastis,
936 1914 966 1968 id
981 1913 1037 1969 sibi
1090 1911 1197 1969 laudis.
1213 1912 1321 1968 Eodem
1336 1929 1404 1968 cuni
1439 1929 1527 1984 omps
1548 1910 1655 1967 loanni
1671 1926 1752 1982 pape
1766 1925 1898 1965 occanere

210 1995 384 2052 responsum
393 1980 715 2057 habeantmequeillud
722 1984 821 2056 recipi,
833 2001 928 2058 neque
938 2001 1039 2058 quein·
1091 1983 1167 2039 cives
1195 1929 1468 2056 Constantinopoiit.
1486 1985 1620 2038 anastas.
1636 1981 1666 2036 in
1681 1981 1791 2037 loaune
1806 1995 1813 2034 ι
1827 2003 1840 2030 ιι
1854 1980 1899 2046 Qui

210 2066 311 2124 quein.
342 2052 439 2109 ucsin
455 2055 762 2112 auctoritatePatrum
779 2073 838 2112 non
853 2056 956 2129 recipit
970 2073 1037 2112 eiia-
1090 2054 1161 2110 dum
1178 2053 1378 2111 ambulassent
1398 2070 1465 2109 cuin
1489 2053 1601 2109 loenne
1628 2069 1714 2125 papa,
1730 2055 1899 2132 occurrerunt

210 2137 279 2178 men
291 2127 338 2179 cat
360 2123 440 2180 olicae
455 2126 534 2198 fidei,
547 2131 598 2183 sut
616 2126 750 2182 Ecclesia
766 2127 928 2200 discipline
944 2127 1037 2183 ambi·
1091 2126 1174 2182 beato
1189 2124 1294 2181 loanni
1311 2122 1445 2182 milliario
1459 2141 1499 2179 xii
1515 2123 1612 2180 omnis
1630 2123 1732 2179 civitas
1744 2138 1809 2178 cuni
1823 2137 1898 2178 cereis

211 2193 353 2267 guitatcm
368 2211 454 2268 posse
463 2197 592 2271 gignere,
603 2202 654 2254 aut
669 2197 819 2270 religionis
834 2198 1037 2271 prejudicium
1090 2200 1119 2252 et
1133 2196 1269 2252 crucibus
1286 2212 1293 2251 :
1310 2195 1341 2250 in
1369 2195 1509 2252 bonoram
1536 2195 1690 2251 beatorum
1720 2192 1898 2265 apostolorum

211 2280 392 2337 comparare.
403 2266 473 2324 Fixa
482 2273 554 2325 eunt
563 2287 580 2325 a
590 2268 735 2334 Patribus,
744 2269 916 2340 qussideles
931 2269 1036 2326 sectari
1090 2267 1166 2323 Petri
1177 2264 1899 2338 etPaulintlonstantinopolicumgloriasusceptus

211 2335 336 2393 debcant
349 2336 600 2408 instituta...Quld
616 2355 683 2414 ergo
699 2339 949 2397 calumniantibus
963 2357 1037 2413 opus
1091 2343 1135 2398 est
1147 2339 1299 2411 Agapitus.
1316 2342 1442 2394 anastas
1464 2337 1493 2394 in
1519 2338 1584 2410 ejus
1607 2337 1667 2392 Vit.
1683 2337 1717 2392 lit
1729 2342 1857 2408 susceptus
1869 2341 1900 2390 ut

210 2411 273 2463 arat
287 2411 368 2465 extra
382 2410 557 2468 constitutos
580 2410 715 2468 Ecclesia
733 2411 875 2468 terminos
890 2412 1038 2494 porrigere
1089 2413 1109 2466 A
1129 2411 1218 2481 opttus
1232 2426 1294 2466 cam
1307 2406 1665 2482 picriavigiliooccuirit
1676 2405 1900 2489 canstantiniana

211 2478 399 2552 questiones,
410 2484 439 2537 et
449 2481 851 2555 dabisqueehabeuturdicta,
865 2483 948 2556 quasi
959 2484 1039 2539 dicta
1091 2427 1174 2553 picus
1189 2481 1242 2537 (ΞΡ.
1259 2497 1325 2537 cuin
1341 2479 1473 2536 canticis.
1488 2479 1659 2536 Anastasia
1673 2476 1900 2550 Vigiliozlitplets

211 2566 269 2606 non
285 2549 354 2618 sint,
370 2553 758 2610 moverecertaminalcum
783 2553 950 2611 Christiana
965 2555 1038 2610 tides
1091 2553 1143 2608 itia
1172 2551 1363 2608 sattahatante
1385 2567 1448 2607 eum
1470 2566 1555 2622 usque
1583 2549 1620 2606 ad
1644 2549 1792 2606 decimiana
1814 2553 1901 2603 sancta

211 2621 462 2692 canonicislibris,
474 2629 502 2680 et
512 2625 702 2698 synodalibus
714 2626 907 2698 precepisset
920 2625 1037 2682 Petrum
1090 2568 1206 2696 Sopil'ae,
1237 2624 1302 2678 Ecce
1326 2621 1449 2704 'advenit
1485 2623 1649 2704 Domiaator
1686 2621 1824 2703 bomin-lm,
1857 2621 1915 2697 etc.-

211 2691 398 2775 regularibus
424 2697 593 2754 constitutis
616 2696 716 2754 stabili
744 2701 772 2752 et
790 2696 965 2753 inconcusso
981 2701 1038 2752 ter·
1092 2694 1332 2766 Henricolll,regi
1343 2692 1503 2766 Anglorum
1515 2692 1647 2749 Parisios
1659 2687 1904 2772 uenientisolemni

136 2813 138 2819 ι
212 2764 458 2823 minolimitstur.
476 2789 490 2818 ιι
505 2767 671 2840 (Homisdee
693 2771 764 2842 epist
782 2770 828 2835 70,
844 2769 879 2825 ad
902 2770 1038 2826 Possesso-
1091 2782 1159 2822 cuin
1175 2782 1284 2838 pompa
1302 2763 1376 2820 obvii
1392 2780 1559 2836 processere
1576 2763 1733 2820 scholares
1747 2761 1906 2817 Parisienecs

211 2835 291 2907 reia.)
1092 2853 1158 2892 cuin
1168 2836 1291 2893 cereiset
1301 2835 1431 2892 vestibus
1442 2829 1905 2912 festivis,quascomitissasappcl-

247 2906 480 2970 Num.85,linoa
495 2910 522 2965 1.
539 2914 607 2966 -Α
630 2925 694 2980 repe
719 2915 889 2968 Francorum
911 2908 1039 2966 ciccano
1091 2907 1258 2964 lent.ltlottb
1271 2905 1906 2984 Pansacanntasluerenscarcanensem,

211 2977 378 3059 christiam.
393 2979 533 3062 llamdem
549 2981 719 3037 firmitatem
737 2981 843 3037 veteris
865 2979 1035 3063 discipline,
1052 3015 1073 3082 C
1091 2995 1159 3051 quas
1187 2980 1365 3062 commitissas
1393 2977 1542 3050 appellant,
1557 2986 1583 3034 et
1596 2979 1698 3034 omnib
1719 2989 1781 3050 quae
1793 2973 1908 3044 paediam

211 3051 612 3201 transissemus.
630 3053 1037 3179 ιειιιιιειιιιιιιιιι
1089 3056 1907 3202 strictissima.-........‚„.....,

211 3203 322 3262 gimine
336 3188 542 3263 Ecclesiarum,
561 3194 631 3249 dum
647 3197 749 3250 sancto
765 3192 895 3266 Remigio
912 3192 1037 3249 Rhemo-
1090 3207 1194 3248 scussos
1208 3207 1271 3247 anm
1282 3193 1485 3248 examinatione
1494 3190 1757 3262 planarumeasilio
1766 3187 1907 3265 depuravit.

211 3275 279 3316 rum
293 3257 440 3334 episcopo,
457 3279 509 3336 per
536 3279 624 3336 quem
653 3263 813 3320 (llodoveus
835 3281 885 3320 rex
898 3264 935 3318 ad
949 3264 1037 3319 fidem
1091 3262 1242 3318 hlauiohaei
1254 3261 1376 3334 llagellis
1387 3258 1909 3332 cesi,Urbepulsi.Baatioumhcresis

211 3327 402 3413 christianam
410 3334 846 3417 accesserat,vicesapoetolioas
857 3335 977 3391 mandat
988 3351 1039 3417 per
1091 3331 1448 3406 damnatumssagellatum
1456 3332 1736 3415 reicithugustinin
1743 3330 1908 3407 psalmaixii:

211 3417 382 3460 universum
394 3403 474 3462 illius
486 3405 711 3489 regnum,aalvis
722 3405 1039 3478 juribusmetropolita·
1091 3405 1161 3461 Nam
1174 3405 1235 3476 puis
1247 3404 1350 3460 cattia
1364 3405 1531 3476 nuperrime,
1541 3410 1612 3458 sicut
1630 3403 1789 3460 audivimas
1803 3401 1910 3479 afran·

212 3490 329 3540 noium,
345 3491 409 3548 qua
425 3476 588 3549 antiquitus
602 3477 808 3534 obtinuerant:
825 3477 871 3532 cui
886 3477 974 3534 etiam
989 3493 1038 3548 pa·
1092 3478 1151 3542 bus,
1168 3477 1216 3560 qui
1229 3477 1413 3548 interfuerunt
1428 3475 1591 3546 coepiscopis
1610 3476 1726 3540 nostru,
1742 3473 1820 3542 illurn
1835 3475 1908 3527 fleti·

211 3552 304 3602 ternas
331 3547 443 3616 reputas
456 3555 483 3604 et
494 3547 601 3606 decreta
614 3565 631 3604 a
645 3551 748 3604 sanctis
773 3547 886 3631 definita
913 3549 1039 3604 conciliis
1091 3564 1154 3604 cum
1168 3548 1313 3602 inimicum
1327 3555 1422 3603 contra
1435 3547 1583 3603 Dorninum
1598 3545 1761 3613 latrantem,
1777 3543 1854 3614 dipne
1865 3541 1909 3611 {tu-

212 3618 339 3673 omriitns
367 3618 501 3674 amanda
528 3619 678 3676 maduca.
703 3619 861 3692 (Hormisd.
878 3621 956 3690 epist.
975 3621 988 3674 1
1004 3619 1039 3676 ad
1092 3619 1223 3688 pellatam
1236 3618 1331 3689 [nisse.

212 3687 404 3756 ammirari
420 3691 672 3746 commendatione
686 3691 829 3747 loannem
845 3691 1040 3746 Tarraconen·
1128 3689 1204 3744 Num
1226 3691 1270 3748 85.
1287 3688 1363 3744 linea
1380 3688 1405 3742 1.
1422 3685 1569 3744 —Eodem
1584 3694 1708 3761 tempore
1721 3686 1796 3743 uenit
1809 3696 1911 3752 repnun

212 3759 518 3833 semperllispaniam
532 3760 706 3828 citeriorem,
719 3762 919 3836 pei-Raeticum
934 3777 1000 3816 vero
1011 3766 1040 3818 et
1092 3777 1155 3816 cam
1181 3761 1294 3831 pemmis
1318 3760 1447 3886 preteicsis
1459 3753 1911 3901 ffssffiffm'issffirfflffi

1338 3846 1371 3886 ov
1391 3847 1458 3886 use
1516 3847 1534 3884 ii
1604 3847 1674 3886 sioi
1747 3847 1762 3884 r

212 3898 349 4043 stelipum
377 3900 516 3959 instituit.
546 3904 642 3977 (Epist.
658 3906 694 3960 24
708 3905 743 3960 ud
758 3906 836 3962 Jcca.
856 3905 1038 3960 Tarraconen·
1095 3902 1139 3976 pit
1154 3901 1303 3958 codicillos
1318 3900 1498 3970 consulatue,
1515 3917 1575 3956 una
1589 3905 1618 3956 et
1630 3916 1772 3958 coronam
1795 3910 1910 3960 animm,

211 3987 269 4028 sera

803 492 1038 548 issentConstan-
1090 491 1275 546 nominatum
1300 490 1379 573 ponti
1392 506 1466 546 icem
1491 489 1661 561 conjuravit.
1678 513 1692 542 ιι
1706 495 1838 568 augustin
1855 501 1888 559 lib

249 4041 358 4124 Iletulit
372 4041 460 4100 atiani
475 4044 504 4100 in
521 4045 637 4102 Oriente
651 4047 702 4119 hlpi
725 4045 812 4104 banio
832 4045 1040 4103 Constantino·
1093 3971 1912 4127 ῌοῖῗεωἔρριιδοθιῗὺιῐιυῙιιὲἒεθΕιξῗιίῗιῗξιωεξξεῗ.ἀὲῖἑαεζὲξιωξάὓῖῐιῗᾶ

213 4111 492 4185 politanovioariam
508 4122 681 4190 potestatem
698 4064 834 4175 Komaria
850 4117 928 4174 sedis
944 4117 979 4172 ad
995 4134 1038 4172 re·
1092 4117 1146 4172 510
1158 4131 1164 4172 :
1177 4137 1191 4167 ιι
1202 4115 1362 4172 Clodoveus
1372 4131 1421 4171 rex
1431 4115 1467 4170 ab
1477 4116 1633 4170 Anastasio
1653 4117 1833 4187 imperatore
1846 4108 1913 4190 codi-

165 4203 171 4208 ·
212 4182 363 4256 cipiendos
385 4190 414 4242 ot
432 4187 537 4244 unitati
550 4188 684 4246 Ecclesia
700 4189 911 4246 consociandos
926 4188 1039 4261 eosqui
1093 4185 1222 4243 cillosde
1233 4185 1911 4256 consulatu,etcoronamaureamoumgemmu·

212 4271 269 4311 non
281 4255 359 4312 simu
372 4261 430 4326 ata,
442 4260 493 4314 sed
503 4277 571 4316 vera
585 4260 773 4318 conversione
784 4261 820 4316 ab
836 4258 1038 4316 hereticorum
1093 4262 1122 4313 et
1135 4257 1266 4313 tunicam
1282 4257 1409 4313 bletecm
1425 4255 1553 4337 accepit:
1571 4260 1601 4311 et
1615 4272 1652 4312 eii
1667 4273 1702 4312 eo
1719 4249 1878 4338 dieuconsul
1891 4249 1915 4303 et

212 4327 360 4384 erroribus
375 4333 405 4385 at
419 4329 674 4388 schismaticorum
699 4331 844 4388 consortio
864 4331 899 4386 ad
916 4329 1038 4386 cetboli-
1092 4330 1243 4402 Augustus
1253 4333 1298 4384 est
1308 4326 1485 4401 appellatus;
1498 4343 1560 4398 ipse
1570 4343 1638 4382 vero
1648 4343 1702 4383 rex
1710 4331 1794 4382 misit
1804 4325 1914 4406 [tomam

213 4414 281 4454 cum
292 4402 400 4455 coetum
411 4416 443 4456 se
453 4401 617 4458 conterrent
628 4420 635 4458 ι
648 4419 715 4458 cum
728 4401 839 4458 scilicet
856 4405 1039 4472 perspectam
1054 4381 1078 4446 Ῑ)
1094 4403 1194 4456 sancto
1217 4399 1300 4455 Petro
1324 4415 1461 4482 coponem
1484 4413 1604 4453 auream
1620 4415 1693 4481 cum
1709 4411 1845 4472 gemmis,
1859 4405 1914 4464 quc

213 4467 334 4526 baberet
342 4469 496 4543 multiplici
506 4471 844 4545 documentollpiphanii
857 4471 1039 4542 diligentiam
1094 4486 1216 4543 regnum
1227 4467 1369 4552 appellari
1380 4469 1557 4525 solet.»lnde
1568 4469 1713 4540 quelibet
1723 4483 1832 4524 corona
1840 4477 1917 4546 auius

214 4554 247 4594 ac
263 4540 484 4610 providentiam.
508 4544 654 4617 (Homiisd.
684 4546 763 4615 aput.
789 4544 824 4598 80
846 4543 881 4598 ad
904 4543 1037 4614 Epipban.
1094 4557 1124 4597 re
1146 4557 1218 4622 num
1229 4540 1356 4596 dictitari
1367 4540 1454 4612 cupit
1464 4539 1914 4624 Remmtnastinconstantino:

214 4609 481 4687 Cmsmctinopotit.)
614 4674 616 4679 ¹
1095 4633 1109 4664 ιι
1120 4557 1212 4694 liidie
1227 4614 1324 4694 autem
1340 4627 1399 4683 qua
1414 4627 1478 4668 sese
1488 4627 1612 4693 invicem
1620 4608 1916 4728 videruntdugustuts

402 4820 422 4876 ,.
777 4822 813 4878 .
873 4826 901 4878 A
954 4824 1008 4879 ι.
1092 4682 1918 4882 ιιιιιιιιιιιιιιιιιιιι

275 4837 294 4874 ιι
414 4837 481 4878 inea
531 4853 589 4879 .--
624 4837 705 4878 crore
727 4839 757 4879 rc
812 4839 844 4878 as
901 4839 952 4878 aas
964 4839 1040 4880 astus
1093 4841 1119 4882 ci
1147 4843 1184 4881 eu
1216 4842 1245 4880 ni
1269 4841 1295 4880 is
1317 4841 1363 4880 em
1410 4841 1578 4882 eaissimus
1625 4839 1791 4881 onieiiin

214 4895 351 4962 napuras
374 4862 468 4950 bontra
488 4911 588 4967 papam
612 4839 783 4950 domnnall
804 4895 947 4951 lateralia
962 4911 1041 4951 sacra
1093 4897 1171 4954 boati
1185 4897 1304 4952 Andreae
1320 4911 1443 4970 regnum
1458 4913 1492 4952 ex
1507 4912 1578 4951 auro
1605 4841 1881 4962 grissimomecnon
1895 4889 1919 4942 ct

214 4961 587 5035 aucmentandum:
604 4966 692 5023 Sacra
716 4970 786 5023 sunt
810 4965 937 5038 epistolar
962 4966 1040 5038 prin·
1094 4985 1184 5041 supra
1197 4967 1287 5024 altare
1301 4969 1391 5024 baete
1403 4911 1653 5033 Petronillae,licit
1663 4981 1796 5040 regnum
1807 4973 1918 5045 aureum

215 5033 325 5104 cipum.
341 5036 466 5092 Anastas
480 5036 543 5108 ipse
558 5038 586 5092 iii
602 5037 792 5094 Constantino
805 5054 811 5094 :
824 5061 838 5087 ιι
852 5038 958 5094 lisdem
968 5042 1041 5094 teni·
1094 5057 1161 5096 cuni
1178 5039 1304 5113 geminis
1318 5044 1550 5112 pretiosissimis.
1564 5060 1578 5088 ιι
1593 5037 1628 5093 st
1643 5036 1729 5094 inira
1744 5053 1752 5093 ι
1770 5059 1785 5089 ιι
1800 5036 1836 5092 ut
1849 5051 1877 5088 in
1891 5035 1921 5084 ti·

215 5103 336 5178 poribus
350 5103 431 5162 misit
445 5124 534 5182 supra
552 5109 629 5165 latiis
645 5108 803 5182 imperator
817 5109 852 5164 ad
875 5109 1039 5166 Constanti·
1093 5111 1154 5167 tulo
1171 5115 1276 5166 sancta
1292 5110 1343 5166 Dei
1358 5109 1523 5177 Genitriois‚
1547 5125 1610 5181 que
1625 5107 1801 5234 appellatur
1815 5099 1918 5166 Galiiti,

215 5191 286 5259 num
312 5177 479 5249 pontificem
504 5194 628 5248 sacram,
645 5197 695 5252 per
716 5181 908 5306 puamjussit
922 5197 988 5262 euin
1003 5180 1039 5236 ad
1093 5182 1162 5238 iecit
1177 5197 1299 5254 regnum
1312 5197 1346 5236 cx
1360 5197 1431 5237 auio
1447 5180 1616 5253 purissimo.
1632 5201 1649 5264 ρ
1678 5180 1706 5261 ft
1719 5179 1801 5235 iulia
1816 5194 1824 5233 ι
1842 5197 1856 5226 ιι
1870 5173 1919 5253 Ru·

215 5262 325 5375 hild
338 5249 704 5395 attumabant
714 5251 1040 5393 stat..·.‘,⁵.¹}⁰ust
1094 5252 1471 5406 inutilitates
1479 5249 1881 5400 {statuissetis
1891 5257 1922 5368 t

214 5395 405 5472 tum,magno
421 5392 548 5464 repletus
563 5394 708 5466 gaudio,a
722 5393 817 5449 Nicea
831 5393 972 5518 Ritblpniae
986 5393 1040 5448 nii·
1094 5394 1180 5450 hodie
1197 5411 1286 5467 super
1301 5393 1390 5452 altare
1413 5395 1567 5466 dependet.
1584 5415 1598 5445 ιι
1616 5391 1702 5474 idem
1717 5392 1751 5448 in
1766 5331 1921 5466 Sergioli:

215 5464 568 5536 sitsacrem,giatiarum
589 5466 702 5520 actione
738 5464 844 5520 lenam.
861 5486 875 5516 ιι
915 5463 1038 5520 tinira:
1096 5463 1924 5546 «Regnumaurcumvaldepretiosissimumoumgemims

217 5554 231 5583 ιι
248 5531 338 5605 Cujus
353 5538 382 5590 st
395 5551 509 5591 sacram
524 5553 591 5592 cum
628 5536 687 5592 ravi
712 5483 857 5608 Xogmetis
876 5536 1040 5592 exaratione
1094 5538 1232 5610 prasinis,
1262 5536 1461 5594 hacinthinis
1489 5542 1518 5594 et
1546 5535 1630 5593 albis.
1650 5556 1666 5584 ιι
1686 5535 1725 5590 ut
1750 5533 1830 5590 inira
1852 5527 1923 5611 aad:

215 5602 425 5664 Constantinus
440 5607 597 5680 suscepit.»
607 5553 648 5664 itt
662 5624 767 5663 rursus
780 5607 834 5663 eod
851 5622 857 5662 :
875 5629 889 5657 ιι
907 5607 973 5662 Post
988 5607 1040 5663 ali·
1095 5631 1110 5658 ιι
1122 5608 1255 5680 Regnum
1291 5624 1306 5664 e
1323 5613 1525 5682 argentacum
1541 5603 1790 5664 tintinnabulis.»
1806 5604 1885 5687 idem
1899 5615 1924 5652 ιιι

216 5675 294 5748 quod
308 5693 375 5736 uero
390 5679 532 5752 temporis
546 5678 745 5738 Scholasticus
763 5677 972 5745 cubicularius,
990 5695 1040 5752 pa·
1095 5679 1189 5736 Leone
1200 5678 1255 5735 lV:
1273 5701 1287 5730 ιι
1299 5679 1411 5737 Obtulit
1425 5695 1548 5753 rognum
1563 5679 1600 5736 de
1614 5681 1743 5750 argento
1759 5685 1924 5750 purissimo,
