4048 6174
255 247 314 309 au
829 241 1041 305 nunsrasu
1064 241 1389 304 amaroruucsen.
1868 249 1916 314 aas

254 379 320 437 aliia
333 371 560 450 quamplurimis
576 371 657 430 lestis
679 373 869 447 acciditque
892 373 1077 431 celebrantur
1091 373 1119 442 Α
1133 371 1320 446 iniquissimo
1330 373 1398 447 jure
1427 369 1754 430 contruendtetactum
1772 375 1917 450 pontificem,

254 455 334 506 extra
349 445 499 530 proprium
515 445 610 514 diem;
626 445 668 501 ite
682 463 739 501 non
757 446 811 502 luit
826 463 900 518 opus
924 447 1012 502 Paulo
1039 445 1077 500 lV
1134 446 1170 502 de
1181 463 1238 518 quo
1255 462 1345 519 supra
1361 444 1419 502 dixi
1441 445 1470 500 in
1493 444 1658 511 benedicto,
1674 451 1838 504 novasertcs
1850 450 1920 510 Greci

253 536 313 576 rom
331 517 469 575 subtilius
484 517 638 588 indagare;
654 534 720 572 cum
737 518 896 589 prasertim
913 519 942 573 in
964 517 1079 572 diuersis
1137 515 1348 588 excogitarunt,
1385 515 1473 572 uibus
1488 532 1539 588 pro
1550 532 1651 572 corum
1667 516 1780 574 arbitrio
1789 517 1920 581 Romanam

253 593 327 646 orbis
343 590 495 645 Christiani
506 589 642 660 portibus,
659 593 691 644 ut
706 590 769 662 ipsc
783 588 834 655 ait,
851 589 970 662 prelata
982 588 1028 644 die
1043 605 1080 644 xv
1137 533 1543 644 moderarenrur‘hcctastam.
1561 592 1721 644 insacrum
1739 587 1857 647 videlicet
1869 593 1921 652 cleri
1981 641 1982 648 ,

254 661 317 717 llnl.
335 661 402 717 Feb.
415 660 619 716 celebraretur.
636 659 737 733 ltaque
749 662 888 715 minorum
903 660 1080 716 etinmlicclc-
1136 657 1224 716 Urbis
1239 659 1394 733 collegium
1411 659 1524 716 Grecos
1541 663 1569 716 et
1583 658 1742 734 Orientales
1755 661 1922 724 curabantcn-
1981 653 1982 712 l

253 734 362 789 siarum
386 730 518 804 exempla
533 730 616 804 sequi
640 748 698 787 non
723 737 767 788 est
791 731 978 858 dedignatus,
995 731 1079 800 utad
1135 730 1396 804 optari‚exquibus
1411 729 1924 806 praecipuaexarchorumoperapnuti·
1981 741 1982 806 g

255 802 746 886 principisapostolorumglorium
769 801 857 858 Cathe
881 820 917 856 rae
942 801 1079 858 Romane
1136 803 1181 858 lex
1196 801 1710 874 eligebatur.Beucdictusioannem,
1721 803 1925 865 nominisordine
1981 809 1982 828 ¹

256 881 405 931 rrtusuno
422 875 643 947 eodemquedie
665 874 772 930 inloto
796 874 866 929 orbe
890 872 1080 930 catholicnao
1135 873 1284 1002 puleium,
1310 875 1416 947 Syrum
1452 873 1578 940 natione,
1612 875 1924 958 successoremhahuih

1136 944 1867 1144 ..tbttttgttffttbilbttrittttsittuffl
1885 951 1926 1022 ⁵³·

293 1159 379 1216 tinea
396 1161 420 1216 l.
436 1189 470 1200 -
485 1157 636 1214 sisinnius.
647 1157 769 1240 loannis
781 1155 978 1240 lilius,Syrus,
988 1158 1080 1215 iusti·
1135 1087 1294 1230 gisepppisfis,
1301 1158 1526 1216 Constantinum
1542 1157 1645 1214 itidem
1666 1157 1873 1232 symmetria
1885 1179 1927 1220 unc

257 1231 345 1287 niano
360 1231 385 1286 ll
400 1231 531 1303 Augusto
546 1229 649 1356 imper.
659 1247 667 1296 ;
678 1229 753 1285 sedit
767 1229 829 1285 dies
845 1247 895 1298 xx;
907 1235 1022 1286 creatus
1044 1248 1082 1288 xv
1136 1229 1272 1304 Gregorio
1283 1231 1308 1286 tl
1319 1228 1812 1303 iraterjecto,Gragoriuslll,Syrus,
1822 1229 1927 1304 eiigitur;

256 946 417 1020 prasertim
434 945 551 1002 in'urbe
567 947 658 1002 Roma
672 945 876 1002 celebraretur.

588 1060 754 1118 ciaconii.
1823 1019 1927 1088 ’ΜΕ

1311 1104 1420 1144 oannes
1448 1087 1509 1156 Vll,
1542 1085 1706 1144 Sisinnium
1733 1087 1807 1144 hunc
1831 1090 1926 1171 Syrum,

259 1302 332 1372 Kal,
349 1304 535 1358 consecratus
550 1317 568 1356 x
607 1300 644 1356 al.
660 1300 842 1357 Novembris.
1135 1306 1202 1373 post
1214 1318 1302 1376 quem
1317 1301 1484 1370 Zacharias,
1501 1301 1630 1370 Grneus,
1646 1301 1780 1358 Romana
1794 1303 1848 1358 sedi
1858 1305 1928 1376 preh-

1135 1371 1222 1428 eitur.
1239 1373 1295 1430 Sed
1320 1375 1435 1429 tantum
1460 1373 1554 1430 abluit
1578 1375 1613 1428 ut
1636 1372 1691 1429 bac
1712 1373 1748 1429 de
1767 1389 1849 1430 causa
1867 1373 1929 1431 electi

608 1415 730 1472 Maeui.
1137 1443 1290 1516 pontifices
1300 1444 1345 1500 val
1360 1443 1517 1503 minimum
1527 1442 1683 1518 quidpiam
1698 1442 1930 1529 apostolicngrsri·

295 1513 381 1570 linea
398 1519 420 1570 l·
437 1543 472 1554 -
485 1513 626 1570 sisinnius
640 1514 752 1569 natione
774 1512 870 1586 Syrus.
885 1512 1081 1586 Temporibus
1137 1515 1206 1572 tatis
1228 1519 1256 1571 et
1276 1515 1425 1589 religionis
1441 1515 1620 1582 remiserint,
1631 1519 1664 1572 ut
1679 1515 1836 1573 Graecorum
1846 1534 1930 1590 torquis

257 1585 403 1642 Benedicti
414 1584 438 1641 tt
453 1586 590 1641 restincto
605 1584 889 1658 perconctantinum
900 1585 1080 1658 Pogonatum
1134 1586 1382 1659 postulationihus
1398 1604 1483 1644 nemo
1496 1587 1543 1644 his
1558 1587 1659 1645 scmus
1671 1586 1822 1644 obstiterit.
1982 1641 1983 1674 ,

896 1849 969 1922 XC.
993 1849 1326 1921 consulatibus

763 2015 844 2065 sntte
865 2015 984 2063 cntusm
1004 2001 1075 2078 toa,
1095 2001 1269 2064 ttisrrnrsm
1289 2015 1405 2064 tranen
1426 2003 1475 2080 a..

384 2277 467 2331 Ηθ
487 2268 721 2342 Constantinus,
744 2268 873 2331 natione
895 2271 1005 2350 Syrus,
1028 2289 1067 2332 ex
1087 2273 1178 2353 patre
1198 2269 1332 2344 leenae,
1355 2268 1436 2332 sedit
1456 2285 1556 2330 annos
1577 2273 1713 2349 septem,
1736 2267 1800 2331 dies
1831 2267 1932 2350 quiuis
1983 2329 1984 2332 ,

341 2386 401 2449 cim
424 2383 476 2466 (a).
500 2384 572 2447 Fuit
592 2390 698 2447 autem
722 2383 916 2465 temporibus
936 2385 1110 2448 iustiniani
1129 2384 1299 2467 Philippici
1320 2389 1349 2447 et
1372 2382 1528 2447 hnestasii
1547 2385 1776 2464 Augustorum.
1796 2382 1846 2448 vn
1868 2382 1933 2444 valde

342 2500 535 2576 mitissimus,
558 2500 648 2580 cujus
669 2499 864 2582 temporibus
884 2500 916 2562 in
940 2499 1017 2562 urbe
1041 2503 1139 2563 Roma
1160 2501 1259 2562 lamas
1280 2501 1365 2562 laeta
1385 2505 1433 2562 est
1454 2511 1650 2581 magnaper
1679 2517 1778 2561 annos
1798 2505 1862 2560 tres.
1881 2497 1933 2558 Post

342 2637 421 2698 quos
442 2623 531 2679 tanta
552 2617 611 2678 tuit
632 2617 767 2693 ubertas,
793 2621 828 2677 ut
848 2616 1017 2680 lertilitetis
1039 2617 1131 2698 copia
1152 2617 1320 2698 praeterite.
1340 2615 1514 2679 sterilitatis
1535 2615 1679 2696 inopiam
1701 2612 1845 2678 oblivioni
1868 2631 1932 2674 man·

302 2733 442 2798 staret.
465 2735 522 2797 Hic
543 2733 702 2796 ordinavit
723 2733 856 2797 Felicem
879 2731 1150 2816 archiepiscopum
1173 2731 1399 2807 Ravennatem,
1423 2732 1479 2813 qui
1513 2732 1690 2795 secundum
1725 2731 1855 2814 priorum
1885 2749 1933 2792 suo

342 2869 413 2912 rum
434 2851 543 2913 solitas
564 2851 597 2912 in
618 2849 733 2912 scrinio
756 2849 858 2912 noluit
891 2851 994 2912 fecere
1022 2850 1193 2925 cautiones,
1217 2850 1272 2912 sed
1295 2867 1352 2930 per
1381 2849 1557 2931 potentiam
1584 2847 1730 2928 judicum
1751 2845 1889 2928 exposuit,
1910 2852 1934 2906 ut

341 2966 456 3027 ineluit
477 2965 531 3047 (d).
563 2965 660 3045 liujus
688 2965 847 3038 cautio,a
875 2965 1025 3045 pontifice
1059 2965 1092 3026 in
1127 2967 1339 3028 sacratissima
1372 2964 1567 3028 confessione
1601 2965 1690 3026 beati
1718 2964 1801 3027 Petri
1831 2961 1934 3043 apostoli

337 3083 451 3163 posita,
475 3087 546 3160 post
566 3100 630 3143 non
647 3079 761 3141 multos
782 3079 848 3141 dies
869 3085 955 3142 terra
977 3087 1008 3142 et
1029 3080 1119 3162 quasi
1141 3081 1208 3161 igni
1229 3082 1394 3144 combusta
1415 3086 1541 3163 reperta
1562 3089 1623 3143 est.
1644 3079 1682 3163 (c)
1704 3081 1782 3143 Nam
1801 3081 1933 3142 Muenna·

339 3197 419 3258 tium
440 3196 523 3258 cives
544 3195 619 3257 elati
639 3195 786 3275 superbia
806 3195 903 3274 digna
924 3194 1053 3258 ultionis
1074 3215 1169 3278 poena
1190 3197 1333 3259 mulctati
1353 3202 1438 3258 sunt.
1462 3189 1587 3258 Mittens
1615 3195 1738 3280 quippe
1771 3194 1932 3258 iustinianus

282 3315 320 3374 t0
340 3312 513 3392 imperator
542 3309 742 3373 Theodorum
775 3310 941 3392 patricium
976 3317 1008 3373 et
1043 3312 1178 3393 primum
1203 3313 1247 3393 (d)
1269 3313 1424 3375 exercitus
1462 3312 1574 3374 insulse
1610 3311 1729 3375 Siciliae
1763 3329 1831 3373 curu
1861 3307 1933 3370 cisse

340 3429 481 3502 narium,
497 3430 679 3491 Ravennam
701 3427 859 3488 civitatem
881 3427 975 3508 cepit,
999 3429 1165 3510 pressatum
1188 3426 1461 3510 archiepiscopum
1487 3433 1693 3508 arrogantem
1724 3427 1757 3489 in
1778 3425 1846 3488 neri
1872 3422 1933 3484 rinc-

343 3551 410 3606 tum
434 3544 544 3615 tenuit,
568 3548 599 3604 et
613 3562 722 3604 omnes
744 3542 875 3604 rebelles
895 3561 976 3623 quos
993 3544 1040 3605 ibi
1064 3545 1178 3624 reperit
1202 3545 1409 3626 compedibus
1431 3544 1567 3618 strinxit,
1585 3543 1716 3606 divitias
1737 3559 1840 3606 eorum
1860 3536 1935 3600 abstu'
1985 3567 1986 3622 p

342 3659 387 3733 lit,
412 3664 443 3720 et
463 3657 769 3738 Constantinopolim
792 3647 886 3719 misit.
910 3657 966 3720 Dei
987 3662 1093 3720 autem
1110 3657 1242 3739 judicio,
1266 3665 1298 3722 et
1318 3659 1538 3740 apostolorum
1559 3644 1715 3741 principis
1735 3658 1818 3721 Petri
1836 3661 1932 3720 rauba·

362 3775 416 3849 tia,
440 3774 495 3855 qui
516 3773 728 3835 inobedientes
750 3774 879 3834 luerunt
898 3774 1078 3854 apostolica
1099 3775 1180 3837 sedis
1201 3775 1251 3856 (e),
1275 3793 1385 3837 amara
1407 3780 1509 3837 morte
1530 3775 1690 3858 perempti
1710 3779 1795 3849 sunt,
1816 3778 1844 3836 et
1861 3769 1932 3832 isdsn

342 3875 597 3972 archiepiscopus
617 3888 736 3951 lumine
758 3888 898 3970 privatus
919 3875 1047 3970 dignam
1069 3891 1160 3953 lactis
1182 3891 1336 3972 recipiens
1359 3911 1486 3972 poeunm
1509 3892 1599 3954 exsul
1621 3892 1656 3954 in
1677 3891 1837 3954 Ponticam
1857 3892 1932 3947 bans

341 4007 454 4070 missus
476 4011 523 4068 est
544 4005 716 4086 regonem.

377 4131 454 4185 m
479 4121 604 4184 hiisdem
628 4121 665 4202 (st
686 4121 880 4202 temporibus
915 4121 997 4183 misit
1032 4124 1213 4203 suprafatus
1234 4123 1408 4204 imperator
1442 4123 1482 4184 ad
1514 4123 1766 4185 Constantinum
1787 4117 1931 4204 pontiana

314 4249 463 4302 ‘sacram
495 4257 551 4320 per
585 4257 681 4319 quam
708 4237 803 4316 jussit
822 4256 894 4300 eum
930 4238 970 4299 ad
1000 4239 1119 4318 regiam
1155 4239 1323 4301 ascendere
1355 4237 1537 4318 urbem(p).
1562 4237 1624 4310 Qui
1657 4236 1864 4301 sanctissimus
1888 4227 1930 4298 rin

336 4357 431 4438 jussis
452 4355 668 4436 imperialibus
689 4355 922 4436 obtemperans‘
946 4355 1031 4416 illico
1054 4354 1179 4435 navigia
1216 4355 1287 4417 lacit
1316 4354 1434 4436 parari,
1458 4359 1615 4435 quatenus
1645 4355 1707 4418 iter
1741 4351 1930 4436 aggrederetur

339 4473 507 4545 marinum,
531 4477 562 4532 et
595 4490 738 4550 egressus
759 4475 806 4532 est
826 4490 845 4531 e
867 4479 958 4550 portu
996 4474 1138 4533 Romano
1169 4472 1219 4534 die
1250 4472 1361 4552 quinta
1391 4470 1507 4532 mensis
1541 4471 1701 4546 Octobris,
1724 4468 1880 4532 indictione
1898 4477 1930 4522 n.

298 4589 377 4650 stat
398 4587 496 4648 secuti
517 4591 591 4648 sunt
621 4604 693 4648 euru
726 4585 850 4647 Nicetes
884 4585 1049 4667 episcopus
1083 4587 1176 4649 Silvae
1210 4587 1371 4660 Candidas,
1395 4585 1547 4666 Georgius
1578 4587 1747 4669 episcopns
1768 4577 1929 4648 Portuansis,

339 4701 590 4782 Michaelius(b),
614 4701 741 4774 Paulus,
766 4701 918 4780 Georgius
947 4703 1122 4783 presbyter,
1152 4703 1304 4783 Georgius
1333 4703 1497 4777 diaconus,
1536 4701 1691 4782 Georgius
1723 4694 1930 4764 secundicerius,

295 4831 298 4840 ’
336 4818 475 4878 ioannes
512 4817 634 4896 primus
664 4817 820 4892 defensor,
845 4819 974 4880 Gosmns
996 4817 1030 4900 (il
1050 4818 1243 4892 sacellarius,
1268 4819 1426 4882 Sisinnius
1462 4818 1718 4890 nomenculator,
1741 4804 1930 4894 Sergiunui-

339 4931 466 5005 niarius,
504 4929 680 4993 Dorotheus
715 4936 746 4994 et
775 4933 922 4996 Julianus
957 4933 1152 5012 subdiaconi,
1184 4940 1215 4996 et
1250 4935 1287 4996 de
1330 4933 1459 5016 reliquis
1502 4932 1656 5012 gradibus
1688 4929 1831 4995 Ecclesia
1860 4917 1930 5005 pauci

331 5028 444 5107 ⁴clerici
466 5045 518 5127 (J).

380 5168 459 5222 m
488 5161 625 5223 Veniens
654 5161 750 5242 igitur
780 5164 957 5245 Neapolim,
989 5165 1054 5229 illic
1087 5185 1160 5230 eunt
1203 5167 1331 5248 reperit.
1366 5166 1504 5229 loannes
1539 5164 1690 5248 patricius
1731 5168 1763 5226 et
1792 5152 1927 5222 examina

336 5281 546 5358 cognomento
568 5277 752 5358 Rizocopus,
775 5281 830 5359 qui
851 5281 980 5342 veniens
1002 5283 1133 5344 Romam
1152 5281 1312 5362 jugulavit
1332 5279 1463 5344 Saulem
1486 5279 1526 5363 (is)
1550 5279 1723 5344 diaconum
1746 5283 1776 5340 et
1794 5261 1929 5335 vicedomi-

336 5413 422 5467 num,
461 5393 588 5454 Petrum
630 5393 799 5469 arcarium,
835 5396 980 5475 Sergium
1023 5397 1171 5459 abbatam
1215 5395 1445 5476 presbyterum,
1482 5402 1512 5458 el
1554 5396 1698 5478 Sergium
1740 5389 1923 5454 ordinatorem

855 5525 978 5573 ttoruta
999 5528 1192 5575 uenerantes
1213 5528 1373 5575 rannerus.

290 5635 329 5700 (n
343 5633 452 5702 aaa.
465 5633 508 5689 15.
547 5629 700 5702 (nvom.
740 5633 886 5700 arnan.
925 5637 960 5702 e)
977 5636 1039 5691 rsus
1056 5635 1468 5693 narnnannmmnrros.
1499 5635 1537 5709 (a)
1574 5632 1758 5694 rimbertum.
1793 5615 1925 5710 incasti·

254 5703 402 5832 iasshrlxllis
439 5703 673 5778 (9(Vidcltnrcn.
692 5703 1013 5763 adamattominttoa.
1052 5708 1243 5779 (lciblicbocl.
1282 5707 1315 5780 (i)
1331 5709 1363 5778 B,
1379 5708 1508 5765 Cosmus.
1553 5653 1588 5782 δ’)
1602 5709 1634 5775 Β,
1650 5723 1707 5764 uon
1734 5715 1824 5777 pauci.
1857 5687 1924 5762 (iissr
