4040 6170
141 275 215 339 {2¹17
476 274 663 339 HISTORIA
685 276 738 340 ltu
757 275 859 340 vltis
882 275 977 339 ROM.
1001 276 1114 338 PONV.
1126 307 1165 322 -
1180 271 1430 337 vacuuvluus
1452 269 1492 336 ΙΙ.
1759 265 1837 331 12⁷8

205 406 522 482 inmanibusgestabst
530 409 677 477 ardentes,
688 409 776 467 verba
787 408 1069 467 scilieetluculenter
1081 408 1240 483 refulgens,
1253 411 1357 464 etactu
1370 405 1507 464 doctrinm
1518 403 1627 478 pariter
1637 419 1757 461 munere
1768 418 1836 460 cnm

154 507 188 564 15
205 505 362 580 magnifico
377 504 509 578 exemplo
523 505 680 564 laudabilis
695 507 804 566 indicio
819 509 1001 580 coruscabat,

239 604 320 662 »m
334 604 467 677 Superba
477 619 594 677 quoque
609 605 660 662 Dei
675 605 834 662 auxiliante
843 606 959 674 virtute,
972 623 1039 663 oum
1051 607 1114 679 jam
1127 605 1258 678 perlectae
1270 603 1388 660 initium
1401 601 1577 675 sumpsisset
1586 600 1690 664 etatis,
1702 603 1730 656 et
1741 598 1835 672 ipsius

203 700 346 759 bonitatis
359 705 445 774 atque
461 702 630 775 sagacitatis
643 703 724 760 suver
738 702 824 779 lange
837 703 953 778 lateque
969 705 1066 761 thuris
1080 703 1215 760 odoriferi
1239 703 1333 759 instar
1348 702 1500 774 fragraret,
1525 704 1554 755 et
1569 715 1655 755 aures
1670 694 1836 754 beatissimi

137 810 149 824 ·’
202 797 338 872 presulis
347 799 401 872 pie
411 799 557 857 memoris
573 800 673 857 domni
688 800 837 858 Pascbalis
851 817 885 858 ex
899 801 1031 858 fidelium
1042 800 1133 858 relatu
1144 799 1269 858 veridico
1281 798 1468 856 enucleanter
1484 795 1639 870 pulsasset,
1651 810 1786 868 eumque,
1801 795 1835 849 ut

201 895 331 970 populus
345 895 540 968 collaudabat,
557 897 617 954 iore
632 898 662 954 in
677 897 815 955 omnibus
829 897 973 955 illustrem
989 903 1018 956 et
1032 898 1175 973 inclytum
1185 897 1325 954 veraciter
1334 894 1499 953 didicisset:
1513 910 1580 948 mox
1590 891 1674 948 illum
1684 908 1734 964 per
1744 890 1835 948 eucle-

166 995 185 1050 5
202 993 338 1051 siasticos
353 995 462 1068 gradus
477 994 514 1050 ad
529 995 759 1053 subdiaconatus
773 995 913 1055 honorem
930 997 1103 1070 provexitex
1112 995 1300 1053 lateranensi
1310 993 1417 1068 palatio
1429 997 1458 1049 et
1467 990 1523 1049 sibi
1535 989 1679 1047 deservire
1687 985 1833 1062 pracepit.

200 1090 294 1164 Cujus
305 1091 533 1150 conversationis
545 1096 574 1150 et
589 1093 735 1166 patientia
751 1093 840 1151 vitam
856 1111 889 1151 ac
905 1111 1001 1152 mores
1016 1095 1079 1167 ipse
1094 1110 1268 1169 agnoscens,
1281 1093 1365 1150 valde
1380 1090 1464 1148 illum
1482 1107 1539 1164 pra
1556 1087 1668 1144 ceteris
1684 1086 1833 1160 diligebat.

202 1189 364 1252 Praedictus
380 1193 478 1248 autem
493 1189 546 1258 vir,
563 1191 658 1266 gratia
672 1192 798 1265 desuper
811 1192 911 1249 divina
925 1193 1038 1249 lavante
1054 1192 1102 1249 cui
1116 1209 1148 1250 se
1162 1195 1223 1248 teta
1246 1191 1354 1248 mentis
1369 1187 1521 1247 devotione
1545 1187 1715 1260 integraque
1729 1184 1836 1239 virtute

201 1287 364 1358 devoverat,
380 1287 510 1345 veritatis
525 1292 554 1345 et
569 1288 718 1362 sapientie
731 1288 837 1362 plenus
852 1290 963 1347 lumine
978 1290 1160 1347 coruscabat.
1177 1291 1245 1346 Erat
1257 1288 1335 1346 enim
1346 1304 1480 1344 sermone
1492 1284 1628 1351 affabilis,
1640 1280 1837 1340 doctrinacla·

200 1400 262 1452 rus,
277 1383 362 1441 vultu
379 1385 566 1459 conspicuus,
582 1391 610 1443 et
624 1387 701 1443 iuter
714 1387 818 1444 iratres
834 1387 882 1460 pia
896 1387 1049 1445 devotione
1063 1387 1214 1444 modestus
1225 1385 1424 1460 proximisque
1433 1383 1539 1440 fidelis.
1550 1380 1645 1438 Nullis
1654 1397 1721 1437 vero
1733 1396 1764 1436 se
1774 1377 1837 1452 qui·

104 1535 106 1538 .
148 1480 181 1539 10
200 1481 255 1538 bus
271 1481 381 1555 aliquis
396 1482 440 1538 vel
456 1481 557 1540 leviter
572 1484 806 1553 contristaretur,
821 1485 918 1558 sagaci
934 1489 1048 1558 pectore
1061 1484 1164 1552 sullus,
1182 1483 1307 1558 negotiis
1322 1481 1502 1556 implicabat.
1523 1479 1595 1535 Cum
1612 1479 1752 1552 preterea
1766 1491 1834 1532 eum

198 1579 627 1654 tetbonistantisqueoperum
638 1582 750 1640 meritis
760 1583 1193 1657 prestantiscorporisiormam
1202 1580 1364 1655 elegantem
1370 1579 1537 1654 jamdictus
1548 1576 1676 1651 pontifex
1686 1577 1835 1633 ornatam·

198 1693 255 1749 que
271 1677 439 1751 inspiceret,
456 1677 574 1735 levitam
589 1679 668 1738 sedis
683 1697 743 1736 sus
758 1680 923 1754 apostolice
939 1680 1127 1738 consecravit.
1142 1678 1193 1736 Cui
1209 1679 1246 1737 ob
1261 1696 1320 1736 sue
1344 1677 1408 1734 vite
1424 1677 1573 1744 meritum,
1597 1690 1656 1748 quo
1681 1671 1834 1746 splendide

197 1773 350 1843 rutilabat,
367 1779 396 1831 et
409 1775 446 1832 ab
457 1776 537 1832 omni
547 1776 681 1833 Ecclesia
692 1777 786 1850 plebe,
797 1783 884 1852 atque
893 1777 999 1852 inclyto
1008 1776 1321 1850 Romanorumpopulo
1330 1780 1406 1832 coetu
1414 1773 1525 1849 ingenti
1538 1771 1715 1846 diligebatur
1723 1777 1832 1837 amere,

196 1871 275 1929 bona
288 1877 319 1929 et
333 1871 475 1930 beneficia
488 1873 582 1931 multa
595 1873 729 1949 largitlua
745 1875 879 1943 contulit,
895 1891 1022 1948 eumque
1034 1873 1223 1949 postmodum
1237 1874 1445 1931 archiaconum
1461 1871 1537 1928 iecit.
1551 1873 1612 1937 Quo
1626 1885 1697 1927 sane
1710 1865 1833 1940 praesule

148 1969 180 2026 15
197 1968 316 2028 Christo
327 1969 450 2043 jubente
465 1970 596 2030 eulmina
611 1973 769 2030 scandente
784 1971 923 2030 coelestia.
939 1973 1088 2048 Eugenius
1099 1977 1170 2030 tunc
1181 1971 1340 2046 pontilicali
1355 1976 1400 2028 est
1409 1972 1446 2027 ab
1457 1969 1595 2026 omnibus
1604 1966 1734 2024 elevatus
1745 1965 1773 2020 in
1785 1963 1836 2019 bo·

197 2083 280 2140 nors,
296 2071 327 2125 et
339 2069 454 2142 positus
468 2068 499 2126 in
514 2069 583 2127 sede
598 2070 767 2144 apostolica.
784 2071 918 2139 Quicum
934 2072 1058 2141 cunctis,
1075 2087 1139 2144 que
1150 2070 1288 2140 diximus,
1301 2070 1386 2126 bonis
1397 2068 1566 2125 decoratum
1576 2064 1739 2122 luculenter
1747 2077 1835 2136 agno·

197 2181 295 2236 scens,
313 2167 392 2223 omni
408 2165 472 2224 vite
487 2185 547 2224 suae
562 2171 693 2242 tempora
707 2169 949 2227 charissimorum
963 2169 1025 2226 vica
1040 2169 1171 2234 retinuit,
1182 2168 1298 2225 etvelut
1311 2165 1522 2242 paterproprio
1535 2164 1594 2220 lilio
1604 2163 1690 2220 eorde
1703 2175 1834 2234 congau-

197 2263 286 2320 debat
303 2262 404 2333 alaeri,
421 2263 543 2338 suisque
557 2265 727 2338 aspectibus
745 2265 828 2322 illum
845 2267 963 2324 assidue
977 2266 1136 2324 consistere
1161 2265 1308 2340 cupiebat.
1335 2265 1452 2322 Peracto
1468 2279 1533 2320 vero
1549 2278 1581 2318 ac
1597 2259 1737 2316 divinitus
1751 2257 1833 2313 linito
1900 2329 1902 2334 s

196 2359 288 2434 buJ'us
304 2360 439 2434 praesuiis
455 2361 530 2420 lucis
545 2363 728 2420 transeuntis
744 2365 879 2434 termino,
897 2366 933 2422 ad
949 2383 1038 2422 sacrae
1054 2363 1133 2421 sedis
1148 2364 1278 2420 culmina
1293 2363 1389 2420 omnis
1405 2362 1604 2418 Romanorum
1616 2362 1708 2418 coetus
1723 2353 1833 2412 crebris

145 2458 179 2512 20
196 2455 356 2516 Dominum
367 2458 491 2532 jejuniis
505 2463 534 2516 et
547 2460 729 2518 orationibus
743 2462 913 2535 deprecans,
925 2467 958 2519 ut
973 2463 1040 2535 quis
1054 2466 1141 2518 tanta
1156 2461 1235 2518 sedis
1250 2461 1359 2518 bonore
1375 2458 1483 2532 dignus
1499 2459 1684 2545 ioreteorum
1695 2453 1833 2511 sensibus

196 2554 324 2613 revelare
339 2556 519 2630 dignaretur.
536 2558 592 2634 Sed
608 2558 707 2616 divina
726 2559 838 2632 placata
854 2561 1003 2633 majestas,
1020 2577 1108 2633 quem
1123 2577 1158 2616 ex
1171 2557 1343 2616 sacerdotali
1355 2557 1397 2613 eis
1408 2553 1832 2629 catalogaeligendumarcsno

193 2669 252 2709 sue
268 2653 404 2728 potentia
420 2659 493 2714 autu
509 2655 683 2725 ostenderet,
700 2657 757 2714 nisi
767 2674 845 2725 eum,
857 2674 946 2730 quem
954 2657 990 2714 ab
1000 2657 1072 2731 ipsis
1081 2657 1184 2714 matris
1194 2655 1333 2712 uberibus
1343 2659 1385 2712 tot
1396 2651 1573 2727 supradictis
1584 2651 1726 2708 virtutum
1739 2647 1831 2720 copiis

195 2753 224 2806 et
238 2749 439 2825 pulcherrimo
456 2753 655 2810 doctrinarum
670 2754 741 2812 tiore
756 2759 918 2827 ornaverat,
934 2760 1021 2828 atque
1036 2757 1219 2812 constantem
1235 2758 1263 2810 et
1277 2752 1392 2810 fidelem
1407 2752 1436 2808 in
1451 2750 1590 2807 omnibus
1605 2747 1662 2806 sibi
1678 2746 1831 2804 alumnum

194 2847 352 2917 nutrierat,
368 2850 573 2908 sacratissimae
589 2850 667 2909 sedis
682 2857 822 2910 rectorem
838 2853 997 2910 tribueret?

227 2947 310 3005 455
324 2946 459 3006 Collectis
476 2948 603 3023 igiturin
612 2967 705 3006 unum
718 2951 931 3008 venerabilibus
940 2951 1096 3024 episcopis,
1112 2955 1141 3007 at
1150 2948 1491 3024 gloriosisltamanorum
1500 2943 1679 3019 proceribus,
1691 2940 1831 3013 omnique

192 3044 300 3119 amplae
316 3045 402 3103 Urbis
417 3044 524 3121 populo
540 3048 570 3104 in
586 3046 693 3121 palatio
705 3047 903 3120 Lateranensi,
915 3053 947 3105 ut
960 3049 1108 3122 quodjam
1119 3049 1199 3106 cordi
1210 3047 1325 3105 cmlitus
1338 3044 1498 3103 revelatum
1508 3042 1630 3116 requitur
1639 3055 1741 3098 omnes
1751 3041 1830 3094 tene-

195 3141 271 3200 bant
284 3143 313 3198 in
323 3144 548 3202 unomultorum
557 3145 656 3202 sonitu
665 3147 920 3214 resonaret,unius
928 3144 1086 3203 voluntatis
1096 3144 1361 3203 consensuiortiter
1367 3142 1563 3201 acclamatum
1574 3143 1630 3208 est,
1639 3135 1829 3195 Valentinum

194 3239 418 3299 sanctissimum
427 3241 666 3300 archidiaconum
672 3243 1064 3318 sedisapostoiioedignuml
1077 3243 1265 3300 Valentinum
1274 3241 1382 3298 summi
1390 3239 1575 3314 pontificatus
1586 3235 1680 3294 inluta
1690 3235 1829 3292 decoran-

160 3337 176 3390 5
195 3337 285 3395 duml
303 3339 353 3395 His
369 3341 467 3413 itaque
481 3339 727 3410 mellifluedictis‚
744 3333 1650 3414 unamoxomnespaoisconjunctionemanentesadecclesiam
1661 3335 1768 3390 sancta
1777 3329 1829 3387 Dei

194 3435 353 3493 Genitricis
366 3453 540 3512 semperque
554 3437 683 3512 Virginis
694 3438 791 3496 Maria
802 3437 1316 3510 dominrenostraesaeerclericorum,
1325 3441 1355 3494 et
1365 3437 1563 3492 Romanorum
1576 3447 1710 3506 proceres
1721 3427 1830 3502 pariter

193 3549 264 3590 cum
279 3532 387 3608 populo
400 3541 599 3609 properantes,
616 3535 792 3610 multiplices
803 3553 870 3594 eum
881 3537 1005 3594 Domino
1014 3540 1111 3611 grates
1122 3553 1156 3593 aa
1167 3537 1269 3594 laudes
1280 3536 1449 3592 reddentem
1458 3529 1630 3589 moresolito
1643 3528 1828 3585 invenerunt.

193 3631 288 3697 Quem
301 3630 379 3689 illico
394 3632 520 3690 multum
536 3650 569 3690 ao
579 3633 693 3691 diutius
704 3634 889 3704 renitentem,
902 3651 991 3708 seque
1001 3635 1073 3692 tanti
1086 3633 1237 3708 regiminis
1248 3634 1308 3690 iore
1319 3633 1515 3706 incongruum
1524 3637 1593 3685 voce
1604 3631 1725 3684 strenua
1734 3623 1829 3697 proie-

193 3732 318 3798 rentem,
334 3727 417 3786 alme
432 3728 536 3804 plebis,
553 3735 583 3788 et
596 3729 670 3788 laetis
684 3731 839 3805 utriusque
853 3731 964 3788 militis
980 3732 1180 3789 Romanorum
1195 3731 1308 3788 electae
1323 3733 1368 3786 est
1381 3728 1501 3786 vocibus
1514 3726 1545 3782 in
1560 3724 1629 3782 scde
1644 3721 1827 3797 pontificum.

144 3823 176 3880 10
191 3827 234 3883 Ae
249 3825 353 3885 deiude
368 3827 521 3902 condignis
533 3827 630 3903 gloria
646 3829 784 3887 laudibus
799 3834 827 3886 et
848 3829 968 3886 honoris
994 3828 1189 3903 amplitudine
1205 3831 1241 3886 ad
1256 3830 1451 3885 Laterauense
1476 3821 1686 3899 patriarchium
1702 3819 1738 3877 ab
1755 3818 1829 3893 ipsis

193 3924 350 3994 deductus,
365 3929 394 3982 et
406 3924 438 3983 in
453 3925 611 3999 pontificali
627 3931 673 3984 est
686 3928 800 4000 positus
825 3927 940 3984 throno.
956 3927 1047 4000 Cujus
1062 3932 1181 3984 ovanter
1196 3927 1232 3983 ab
1254 3926 1334 3983 omni
1361 3926 1561 3981 Romanorum
1576 3923 1679 3978 senatu
1704 3917 1828 3993 pedibus

193 4019 346 4090 osculatis,
362 4027 392 4080 el
406 4023 545 4080 omnibus
560 4040 624 4097 qua
634 4024 776 4098 explenda
790 4028 874 4081 erant
887 4025 940 4082 rite
955 4040 989 4082 ac
1003 4029 1175 4082 veneranter
1188 4023 1324 4098 peractis,
1341 4037 1449 4096 magna
1458 4018 1611 4086 sobrietas,-
1623 4033 1729 4090 magna
1741 4015 1771 4070 iu
1783 4019 1827 4071 to-

193 4117 255 4174 tius
269 4134 356 4177 sexus
367 4123 397 4177 et
410 4119 505 4178 atatis
520 4120 627 4194 populo
643 4121 743 4179 latitia
757 4122 878 4179 mansit.
893 4122 1023 4195 lidusquc
1045 4121 1272 4180 consecrationis
1288 4121 1334 4178 die
1349 4136 1450 4177 sereno
1469 4118 1533 4192 jam
1546 4116 1743 4182 illucescente,
1760 4128 1827 4168 cum

193 4213 308 4273 lumine
317 4217 382 4290 jam
396 4217 508 4275 dictum
523 4217 684 4276 antistitem
700 4220 737 4277 ab
749 4219 826 4277 beati
836 4219 910 4278 Petri
921 4219 1118 4293 apostolorum
1128 4219 1269 4294 principis
1280 4217 1433 4276 ecclesiam
1444 4232 1546 4274 omnes
1556 4213 1665 4288 pariter
1676 4209 1799 4269 Romani
1811 4226 1828 4267 a

144 4311 176 4367 15
192 4311 303 4385 palatio
314 4315 490 4373 deducentes
500 4333 579 4384 eum,
591 4317 744 4389 majestate
756 4316 855 4374 divina
864 4317 1033 4384 auxiliante,
1043 4317 1073 4373 in
1084 4317 1142 4374 alto
1153 4317 1258 4374 throno
1269 4333 1419 4372 summum
1432 4327 1636 4372 consecravere
1646 4309 1825 4384 pontificem.

230 4410 308 4468 m
323 4411 377 4479 Oui
392 4429 460 4470 mox
473 4413 606 4472 almifice
621 4414 701 4472 sedis
715 4415 846 4472 culmina
859 4416 1004 4472 scandens
1016 4415 1093 4472 boati
1103 4415 1178 4472 Petri
1193 4414 1317 4488 apostoli
1329 4418 1358 4471 et
1369 4412 1495 4470 coelestis
1507 4410 1588 4484 regni
1599 4405 1745 4482 clangori,
1757 4405 1826 4461 divi·

194 4505 242 4565 nis
257 4508 315 4566 Deo
331 4507 468 4568 laudibus
483 4515 512 4568 et
525 4511 677 4570 sacrificiis
692 4511 739 4586 pie
754 4511 870 4582 oblatis,
887 4513 984 4586 amplo
999 4513 1190 4588 etmagniiico
1202 4514 1401 4570 Romanorum
1411 4515 1486 4568 coetu
1500 4509 1536 4566 ad
1549 4507 1691 4581 palatium
1703 4520 1771 4561 cum
1781 4502 1826 4559 in·

193 4605 542 4680 gentigaudioremeavit3
555 4614 643 4684 atque
652 4609 827 4668 lautissimis
837 4610 1106 4684 dapidussumptis‚
1114 4611 1386 4669 amantissimorum
1393 4605 1656 4665 multisstdiversis
1667 4617 1825 4660 munerum

194 4701 281 4760 donis
295 4720 410 4762 sacram
425 4704 541 4779 plebum
554 4711 583 4765 et
597 4713 732 4766 senatum
748 4708 949 4782 populumque
965 4709 1130 4766 Romanum
1146 4709 1254 4782 optime
1269 4711 1309 4779 (a)
1324 4706 1436 4764 ditavit.
1452 4706 1521 4761 Erat
1535 4703 1643 4776 quippe
1658 4698 1825 4775 dapsilitate

158 4799 176 4856 5
195 4799 331 4874 inclytus,
348 4803 461 4860 actione
476 4805 652 4878 precipuus,
669 4822 803 4862 sermone
818 4805 994 4874 luculentus,
1011 4806 1149 4863 omnibus
1163 4806 1365 4880 compassione
1379 4801 1539 4877 proximus,
1556 4805 1584 4858 et
1594 4799 1723 4873 inopiam
1735 4797 1825 4856 susti·

192 4897 331 4957 nantibus
346 4904 545 4973 opportunum
571 4901 716 4959 instanter
729 4901 868 4960 solatium
884 4903 1025 4976 praebens.
1042 4903 1154 4970 Quibus
1170 4903 1384 4977 multiplicibus
1398 4900 1483 4959 bonis
1497 4899 1681 4968 amatus„ad
1697 4896 1825 4955 coelestia

194 4993 308 5053 Christo
322 4993 444 5055 vocante
457 4998 586 5071 cumeris
607 5015 766 5074 oppressus
790 5000 923 5058 molestia
941 5001 1018 5058 exitu
1033 5002 1160 5074 pretioso
1186 4999 1331 5069 transivit,
1355 5004 1443 5072 atque
1467 5015 1534 5055 cum
1554 4997 1740 5055 desiderabili
1755 4997 1823 5053 bea-

193 5090 360 5167 tissimique
376 5095 472 5168 operis
487 5096 585 5154 fructu
600 5097 636 5154 ad
652 5102 841 5172 conspectum
857 5115 979 5154 summae
994 5099 1158 5171 majestatis
1175 5098 1258 5156 letus
1275 5097 1417 5166 ascendit,
1434 5097 1536 5154 laetans
1552 5101 1580 5154 et
1594 5095 1744 5153 exsultans
1755 5109 1822 5149 eum

194 5189 317 5248 Domino
332 5209 458 5267 semper.

714 5326 840 5376 nocuus
861 5329 1053 5376 sanciamus
1074 5329 1233 5377 succuum.

158 5410 209 5482 (⁰)'
223 5411 330 5486 opime.

793 5515 915 5574 VARIAE
934 5516 1143 5575 LECTIONES.

262 5634 340 5708 Apud
354 5637 510 5695 Fctrottum
525 5655 561 5696 ec
573 5640 663 5696 codice
677 5639 801 5698 Frateri.
958 5645 985 5711 Α
1000 5659 1080 5700 more
1103 5642 1204 5700 nobili.
1222 5642 1267 5702 tiu
1290 5647 1317 5716 8,
1333 5638 1534 5714 inspirationis
1558 5639 1683 5694 nectare.
1706 5639 1749 5694 lia
1775 5637 1818 5709 15,

156 5724 229 5778 Nam
250 5724 312 5793 453,
339 5725 380 5782 lic
405 5726 430 5792 1,
456 5729 537 5798 patre
561 5726 692 5794 Leontio,
709 5729 786 5786 sedit
813 5747 944 5789 mensem
999 5713 1133 5788 immill-

124 5801 226 5861 unum,
241 5795 303 5853 dies
319 5797 363 5867 10,
379 5797 422 5853 tia
436 5797 464 5866 5,
481 5796 653 5869 amabatur,
669 5804 698 5856 et
715 5800 837 5876 ingenti.
857 5802 900 5860 tiu
913 5805 941 5873 6,
1032 5808 1106 5862 Num
1120 5805 1182 5874 151,
1198 5803 1276 5871 ttae,
1291 5800 1452 5858 intentione
1468 5799 1631 5858 modestus.
