4048 6174
143 174 228 252 toto
538 186 793 256 nrsroomoc
814 180 916 258 vnis
939 175 1470 258 bourona-memmae.
1774 191 1853 259 roso

185 323 387 406 thoondaro
417 325 550 406 patricio
580 333 611 387 et
638 325 728 405 duce,
762 329 808 390 vel
838 329 926 389 orum
954 328 1093 389 exercitu
1125 331 1266 390 ltomano
1296 327 1465 408 praedietus
1492 327 1720 392 'trasimundus
1747 331 1851 394 reddi-

228 438 279 494 tus
305 451 371 495 non
400 433 519 508 luisset,
550 433 730 496 obsessione
758 434 854 511 lacta,
886 453 944 515 pro
974 453 1011 495 eo
1041 435 1080 495 ab
1107 435 1216 498 eodem
1249 453 1320 515 rege
1349 434 1463 496 ablatae
1487 441 1561 496 suut
1587 454 1605 496 a
1635 438 1852 499 ltomanodu-

225 543 298 601 catu
326 539 467 602 civitates
494 546 640 622 quatuor,
670 541 782 618 idest,
808 540 943 617 Ameria,
970 540 1151 622 llortas(e),
1178 540 1394 602 Polimartium
1421 547 1452 602 ct
1479 541 1581 602 Blera.
1607 543 1646 602 lit
1675 542 1719 604 sic
1747 544 1847 605 isdem

226 665 282 708 rex
310 646 350 707 ad
379 666 471 708 suum
502 647 655 728 palatium
685 655 732 710 est
760 667 902 710 reversus
930 666 987 728 per
1008 667 1146 710 mensem
1188 649 1375 726 Augustum,
1406 647 1516 709 indict.
1545 666 1597 709 vrr.
1627 651 1854 712 'trasimundus

225 771 300 815 vero
329 753 404 829 dux,
435 751 546 816 habito
575 755 705 816 consilio
727 774 798 817 cum
828 755 978 816 ltomunis
1007 755 1203 836 collectoque
1230 755 1371 834 generali
1399 753 1537 816 exercitu
1576 756 1708 817 ducatus
1739 760 1855 821 ltoma·

165 861 208 922 to
230 861 273 934 ni,
304 860 437 940 ingressi
465 867 539 922 sunt
569 861 608 943 (t)
630 881 686 942 per
713 862 793 924 duas
820 869 925 941 partes
953 862 985 922 in
1015 861 1093 922 fines
1121 863 1255 922 ducatus
1283 861 1456 942 spoletani.
1483 860 1541 932 Oui
1565 863 1716 924 continuo
1740 865 1853 927 timore

227 964 340 1028 duetus
367 965 403 1050 (r)
436 985 501 1048 prae
526 967 727 1030 multitudine
755 969 910 1030 exercitus
938 967 1082 1042 Romani,
1113 967 1215 1029 eidem
1242 967 1454 1030 'trasimundo
1482 986 1515 1028 se
1543 967 1752 1030 subdiderunt
1776 971 1857 1032 Mar-

229 1073 338 1147 sicam,
368 1079 401 1135 et
436 1073 616 1150 Forconiui,
644 1081 739 1154 atque
774 1074 942 1152 Dalueuses
969 1071 1025 1156 (d),
1057 1092 1111 1134 scu
1145 1075 1322 1136 Prineuses.
1352 1073 1470 1136 Deinde
1506 1073 1639 1153 ingressi
1670 1093 1728 1156 per
1761 1077 1853 1138 Sabi-

234 1196 331 1242 nense
358 1177 395 1262 (e)
424 1180 628 1256 territorium,
657 1186 812 1244 venerunt
839 1181 871 1242 in
907 1180 1074 1242 Reatinam
1110 1179 1280 1242 civitatem.
1322 1179 1381 1252 Oui
1409 1178 1448 1262 (f)
1488 1180 1610 1244 lteatlol
1647 1182 1797 1246 continuo
1826 1191 1858 1248 et

231 1287 292 1368 ipsi
319 1305 352 1348 sc
381 1285 599 1349 subdiderunt.

271 1429 353 1482 ωε
385 1420 505 1482 Exinde
545 1399 725 1502 pergentes
756 1420 914 1502 ingressus
951 1426 998 1483 est
1033 1420 1197 1506 Spoletum
1225 1419 1268 1501 (p)
1295 1439 1351 1502 per
1382 1438 1521 1482 mensem
1544 1421 1747 1484 Decembrem
1775 1443 1857 1505 prae-

228 1525 314 1588 dicta
336 1526 446 1588 indict.
476 1530 618 1608 Eratque
648 1543 765 1606 magna
792 1527 931 1588 turbatio
961 1527 1044 1589 inter
1072 1529 1232 1588 Romanos
1261 1531 1292 1588 et
1319 1526 1556 1606 longobardos.
1583 1529 1737 1602 Quoniam
1761 1531 1858 1593 etBe-

230 1633 400 1695 neventaui
429 1639 461 1696 et
488 1633 652 1714 Spolctani
683 1651 755 1694 cum
785 1634 933 1694 ltomanis
962 1633 1114 1695 tenebant
1140 1632 1194 1714 (t).
1226 1633 1286 1695 Sed
1316 1632 1391 1694 dum
1416 1633 1500 1694 idem
1527 1634 1756 1696 'trasimundus
1781 1639 1859 1718 Spo-

230 1739 347 1800 letinus
375 1739 439 1801 dux
466 1739 569 1801 noluit
595 1738 729 1820 implere
758 1757 829 1820 qum
857 1739 1008 1819 praedieto
1035 1739 1176 1819 pontifici
1205 1743 1236 1800 et
1264 1739 1396 1819 patricio
1426 1739 1520 1800 simul
1548 1746 1579 1802 et
1606 1742 1759 1804 Romanis
1787 1763 1858 1824 pro·

189 1844 360 1906 bmiserat
386 1865 443 1927 pro
472 1844 691 1924 recolligendis
732 1851 869 1925 quatuor
896 1845 1086 1920 civitatibus,
1114 1865 1185 1926 quae
1217 1864 1277 1926 pro
1321 1865 1358 1906 co
1396 1847 1568 1926 perierant,
1609 1852 1640 1908 ct
1677 1848 1758 1923 allis,
1786 1869 1857 1930 quac

228 1953 443 2032 spoponderat
471 1953 632 2033 capitula;
660 1958 692 2014 et
724 1952 976 2032 praenominatus
1004 1971 1060 2014 rex
1088 1951 1128 2013 ad
1157 1952 1330 2014 motionem
1359 1951 1392 2034 (rt
1424 1958 1535 2016 eontra
1563 1953 1713 2016 ducatum
1742 1957 1857 2020 ltoma·

152 2059 153 2064 ’
231 2077 307 2121 num
336 2078 369 2122 se
397 2065 592 2142 praepararet
621 2077 628 2122 :
657 2059 690 2120 in
717 2058 766 2120 his
794 2059 951 2140 praedictis
981 2059 1081 2120 beatae
1115 2059 1275 2120 memoriae
1309 2059 1476 2138 Gregorius
1511 2077 1596 2142 papa
1625 2061 1731 2123 diviua
1759 2081 1856 2126 voca·

229 2173 315 2237 tione
343 2194 383 2237 ex
410 2173 470 2236 bac
497 2175 567 2237 luce
595 2175 777 2237 subtractus
805 2181 862 2250 est,
893 2180 925 2236 et
958 2175 1065 2236 divino
1100 2182 1178 2236 nutu
1210 2175 1459 2256 praenomluatus
1491 2176 1707 2239 sanctissimus
1738 2179 1858 2242 Zacha-

228 2281 292 2343 rias
321 2279 353 2342 in
384 2282 603 2362 pontificatum
637 2287 684 2344 est
718 2281 846 2343 electus.
878 2281 931 2342 Cui
966 2281 1167 2363 omnipotens
1203 2284 1285 2342 Deus
1319 2286 1441 2342 tantam
1477 2282 1613 2343 contulit
1647 2285 1794 2364 gratiam,
1825 2292 1860 2348 ut

161 2389 208 2448 to
230 2389 325 2450 etiam
355 2407 411 2470 pro
440 2388 541 2450 salute
570 2387 681 2470 populi
709 2388 843 2449 ltomani
871 2406 960 2448 suam
995 2406 1114 2470 ponere
1150 2388 1288 2449 animam
1329 2408 1391 2449 nou
1431 2387 1602 2452 dubitaret.
1637 2391 1731 2453 llissa
1763 2393 1861 2472 igitur

230 2495 387 2575 legatione
416 2495 502 2577 apud
533 2495 600 2576 jam
636 2495 755 2557 dictum
793 2513 917 2573 regem.
937 2494 1231 2576 Longobordorum,
1269 2495 1421 2555 salutaria
1453 2495 1500 2556 illi
1537 2495 1730 2576 praedicavit.
1764 2499 1860 2581 liujus

230 2601 332 2664 sancti
360 2601 418 2663 viri
446 2601 715 2664 admonitionibus
748 2601 928 2675 inclinatus,
963 2601 1211 2692 praenominatas
1247 2607 1395 2682 quatuor,
1426 2618 1505 2681 quas
1535 2619 1554 2662 a
1582 2601 1700 2664 ducatu
1727 2601 1770 2686 0)
1798 2607 1860 2667 llo·

232 2727 326 2770 mano
356 2709 541 2783 abstulerat,
568 2709 710 2770 civitates
736 2709 868 2770 reddere
896 2707 1051 2788 promisit.
1078 2710 1223 2787 Dumque
1252 2708 1391 2768 motione
1421 2707 1555 2768 militurn
1585 2707 1671 2769 lacta
1699 2709 1740 2770 ad
1772 2729 1860 2772 eom-

234 2815 532 2896 prprehcodendum
562 2815 805 2878 'trasimundum
836 2814 949 2876 ducem
977 2813 1178 2895 Spoletinum
1207 2811 1414 2892 conjungeret
1443 2831 1487 2886 se,
1517 2813 1739 2878 exhortatione
1756 2819 1861 2882 sancti

191 2921 294 2984 bviri
322 2921 478 2984 exercitus
511 2925 671 2984 Romanus
699 2922 732 2984 in
766 2921 961 3001 adjutorium
997 2920 1142 3003 praedicti
1167 2919 1251 3000 regis
1283 2919 1401 2998 egressi
1435 2924 1508 2980 sunt
1538 2918 1591 3002 (d).
1621 2923 1660 2982 Et
1690 2923 1764 2986 dum
1793 2925 1861 3006 ipse

233 3028 462 3090 'trasimundus
490 3047 578 3091 suam
609 3029 828 3110 deceptionem
854 3028 1060 3109 conspiceret,
1077 3045 1220 3107 egressus
1248 3046 1267 3088 a
1294 3025 1467 3107 Spolctana
1493 3026 1620 3090 civitate
1635 3047 1701 3092 sese
1724 3031 1875 3110 predic·

235 3140 268 3197 to
297 3136 427 3198 tradidit
454 3135 522 3216 regi
548 3135 596 3217 (l).
1407 3133 1412 3140 ’

275 3276 359 3345 nott
395 3272 540 3351 Dumque
573 3269 673 3332 isdem
708 3289 764 3331 ren
796 3267 846 3351 (m)
882 3267 1082 3349 protraheret
1115 3266 1300 3328 dilationem
1337 3245 1378 3328 ad
1413 3266 1610 3330 reddendum
1641 3267 1735 3348 juxta
1772 3249 1862 3332 suam

233 3375 478 3456 promissionem
503 3376 571 3459 jam
601 3377 728 3450 laetam,
760 3381 898 3456 quatuor
926 3373 966 3456 (n)
994 3373 1147 3448 civitates,
1179 3373 1428 3454 praenominatus
1457 3375 1610 3454 pontifex,
1641 3381 1676 3436 ot
1702 3394 1775 3438 vcro
1794 3395 1864 3458 pas-

236 3488 284 3545 tor
312 3477 422 3565 populi
449 3484 508 3545 sibl
537 3503 557 3545 a
583 3485 648 3545 Deo
678 3482 798 3557 crediti,
830 3501 917 3562 spem
947 3500 1068 3562 ponens
1095 3481 1126 3541 in
1156 3483 1268 3555 Deum,
1299 3499 1444 3560 egressus
1471 3501 1509 3543 ex
1539 3482 1599 3544 bac
1627 3483 1861 3546 Romauacivi-

235 3595 299 3652 tate
327 3609 398 3652 cum
428 3589 643 3652 sacerdotibus
669 3596 700 3650 et
727 3590 822 3663 clero,
854 3587 993 3669 perrexit
1024 3586 1214 3648 fiducialiter
1250 3593 1282 3649 et
1315 3587 1466 3648 audacter
1493 3588 1534 3649 ad
1570 3588 1799 3654 ambulandum
1828 3591 1862 3653 in

194 3695 339 3759 blocum
367 3697 652 3760 lateramnensium
683 3696 781 3772 urbis,
814 3694 869 3756 ubi
896 3695 929 3756 in
957 3693 1073 3755 linibus
1107 3693 1278 3775 Spoletinis
1313 3694 1381 3774 ipse
1417 3694 1574 3756 residebat
1606 3715 1672 3757 rex.
1700 3698 1759 3770 Qui
1786 3698 1860 3760 dum

236 3803 268 3864 in
297 3806 448 3868 Ortonam
478 3804 676 3866 convenisset
704 3803 874 3878 civitatem,
905 3801 1036 3883 ipseque
1065 3820 1119 3862 rex
1144 3799 1212 3880 ejus
1242 3801 1440 3880 cognovisset
1468 3801 1651 3876 adveutum,
1682 3803 1765 3865 misit
1793 3805 1861 3866 Gri-

237 3911 397 3974 moaldum
427 3903 557 3974 missu‘m
586 3929 690 3984 suum,
721 3909 776 3990 qui
804 3909 832 3972 ei
856 3907 967 3970 obvius
996 3909 1098 3970 lactus
1131 3927 1230 3988 usque
1260 3907 1300 3968 ad
1338 3908 1544 3969 Narolcnsom
1576 3909 1724 3990 perduxit
1751 3909 1862 3973 eivita-

236 4023 311 4080 tem.
341 4019 389 4081 Ad
417 4020 508 4099 cujus
535 4018 637 4081 sancti
666 4017 726 4078 viri
756 4015 926 4077 adventum
961 4014 1086 4076 obviam
1119 4012 1186 4094 jam
1216 4014 1398 4075 nominatus
1427 4032 1482 4076 rex
1513 4013 1597 4076 misit
1624 4014 1729 4092 duces,
1761 4023 1863 4080 satra·

236 4143 294 4208 pas
328 4145 401 4189 suos
436 4125 623 4208 plurcmque
652 4123 690 4206 (o)
723 4122 907 4197 exercitum,
937 4126 1014 4183 eta
1047 4119 1269 4181 Narniensium
1306 4119 1433 4182 civitate
1468 4125 1580 4183 octavo
1618 4122 1683 4184 lere
1717 4124 1863 4188 milliario

172 4232 216 4295 lD
237 4230 348 4296 eodem
376 4251 451 4312 rege
480 4251 553 4295 eum
579 4229 781 4312 suscipiente.
812 4230 916 4290 Sextus
946 4226 1032 4289 leriae
1061 4225 1112 4289 die
1140 4226 1357 4307 perduxerunt
1387 4224 1426 4288 ad
1456 4226 1618 4288 basilicam
1642 4229 1727 4291 beati
1753 4231 1866 4294 Valen-

236 4339 295 4402 tini
322 4339 462 4422 cpiscopi
489 4344 521 4402 et
549 4337 708 4418 martyris,
738 4337 831 4398 sitam
860 4335 893 4396 in
929 4333 1083 4416 praedicta
1115 4329 1401 4396 interamnensiom
1439 4333 1516 4396 urbe
1550 4334 1683 4397 ducatus
1710 4337 1864 4418 Spoletini

236 4447 293 4530 (p).
323 4449 404 4510 llnte
432 4447 522 4527 cujus
549 4447 633 4509 iores
660 4444 797 4507 basilica
825 4443 925 4504 isdem
955 4461 1008 4503 rex
1036 4460 1107 4502 cum
1138 4439 1267 4521 reliquis
1295 4441 1503 4523 optimatibus
1526 4442 1662 4504 exercitu
1692 4463 1749 4507 suo
1777 4463 1865 4508 sauc-

237 4561 303 4616 tum
331 4555 433 4617 virum
462 4550 611 4633 suscepit.
641 4553 800 4631 Factaque
828 4550 972 4612 oratione
1003 4553 1123 4621 mutua,
1153 4555 1184 4610 et
1210 4547 1398 4611 salutatione
1412 4547 1454 4629 (q)
1480 4546 1540 4609 sibi
1565 4550 1864 4630 persolventesdum

237 4663 353 4724 divinis
381 4681 454 4724 eom
482 4660 593 4722 luisset
620 4658 831 4720 commonitus
867 4657 1042 4736 colloquiis,
1072 4655 1280 4735 impensaque
1314 4655 1470 4716 charitate
1506 4655 1546 4715 ab
1582 4655 1691 4718 cadem
1721 4673 1864 4737 egressus

154 4777 171 4799 '
237 4769 369 4834 ecclesia
389 4767 422 4830 in
451 4767 520 4850 ejus
547 4764 735 4846 obsequium
764 4783 816 4826 rex
846 4762 1012 4825 dimidium
1041 4763 1107 4824 iero
1137 4761 1307 4824 milliarum
1337 4763 1488 4844 perrexit,
1516 4769 1549 4824 et
1577 4764 1620 4826 sic
1640 4765 1673 4825 in
1706 4765 1770 4828 suls
1794 4773 1864 4828 ten·

237 4877 327 4938 toriis
352 4881 486 4957 uterquc
508 4874 618 4937 eadem
648 4873 734 4935 leriae
755 4876 852 4933 sextae
880 4870 932 4932 die
960 4875 1034 4931 sont
1061 4869 1189 4931 morati.

279 5018 364 5073 8¹⁰
391 5009 531 5072 Sabbato
559 5027 634 5071 vero
664 5008 778 5068 iterum
808 5004 1031 5067 convenientes
1065 5003 1173 5064 divina
1200 5003 1345 5085 pertusus
1374 5005 1478 5084 gratia
1504 5008 1569 5067 Deo
1600 5005 1724 5086 placitis
1752 5007 1864 5071 admo-

751 5279 876 5326 norum
897 5276 1091 5326 antemnates
1111 5276 1270 5325 raotot'tl.

191 5509 232 5578 (a)
255 5507 351 5566 Ortus.
402 5505 440 5581 (t)
464 5505 616 5588 ingressus
630 5505 687 5586 cst.
725 5501 759 5586 (c)
775 5501 866 5559 ducti.
905 5501 1229 5629 pttValvenspaatque
1245 5501 1420 5586 Pennenses.
1459 5499 1791 5586 (etRepsianimeuse,vel
1805 5501 1864 5558 Ra·

153 5591 314 5640 sennense.
353 5577 541 5704 (nequibus.
580 5579 618 5646 (qt
629 5591 754 5649 ingressi
766 5579 835 5631 sunt
849 5575 907 5646 Spe
920 5579 1044 5630 etrnum.
1082 5576 1328 5646 qttqrroctrerant.
1368 5575 1400 5644 (a)
1411 5574 1608 5630 admonitione
1619 5575 1764 5628 exercitus
1775 5573 1862 5629 sacta.

191 5639 376 5725 (j)D.Duce.
415 5649 674 5721 (legressusest.
714 5646 1023 5716 (ttlloron.onn.7l2.
1062 5645 1110 5716 (m)
1125 5647 1157 5713 Β,
1175 5645 1382 5722 luitprandus.
1421 5642 1706 5716 (n)8,jamlatasl.
1744 5644 1861 5718 tolma-

156 5738 321 5798 quumque·
358 5720 398 5794 (Ρ)
414 5719 573 5793 Spoletani.
611 5718 650 5792 (q)
666 5721 799 5776 mutuam
815 5717 1032 5776 salutationem.
