4040 6170
138 235 214 298 lese
554 237 741 302 HISTORIA
762 237 814 300 DE
835 238 938 301 vivis
962 239 1056 302 ithi.
1080 241 1196 302 Pttd't.
1214 275 1250 286 ·-
1265 242 1340 304 LEO
1363 241 1416 303 ΙΙΙ.
1762 245 1841 306 {230

198 365 286 438 Juxta
300 366 439 425 actoriam
455 369 658 439 consisterent,
669 373 699 427 at
714 371 750 427 ad
767 371 925 446 legendum
936 389 1035 430 sacros
1050 373 1188 430 lectiones
1202 373 1324 430 luminis
1339 373 1493 447 splendore
1509 375 1695 450 refulgerent.
1708 376 1758 432 llic
1774 374 1842 435 lcoil

207 465 244 521 ad
259 464 378 522 beatum
394 466 540 522 andream
554 465 719 539 apostolum
740 467 884 524 ciborium
900 475 1069 542 exurgente
1095 471 1253 543 purissimo
1267 489 1357 546 super
1371 471 1462 529 altare
1486 475 1594 546 majus,
1612 490 1734 544 pensan.
1750 475 1842 535 libres

150 562 187 618 10
205 565 349 619 trecentas
363 567 393 620 et
407 564 548 636 quinque.
565 564 616 620 Hie
631 569 729 622 autam
752 565 918 640 praecipuus
942 568 1069 640 pontil'ex
1084 568 1224 625 divinitus
1254 569 1414 643 inspiratus
1442 571 1658 643 baptisterium,
1676 572 1725 628 ubi
1742 589 1841 646 supra,

205 660 400 734 conspiciens,
412 660 482 734 quia
500 663 564 734 jam
579 679 637 736 pris
652 663 745 720 nimia
758 643 902 720 vetustate
925 665 1016 720 ruina
1031 665 1198 738 proximum
1214 666 1318 734 inerat,
1334 671 1364 722 et
1379 666 1448 739 quia
1462 669 1616 741 angustior
1637 668 1719 726 locus
1743 671 1843 744 papali

204 757 348 816 existebat
362 758 413 832 qui
428 759 464 816 ad
481 759 663 833 baptismum
672 761 818 828 veniebat,
829 759 923 819 isdem
937 763 1043 836 presul
1055 779 1072 820 a
1085 763 1286 822 fundamentis
1301 763 1399 838 ipsum
1415 764 1618 838 baptisterium
1634 767 1664 823 in
1681 771 1842 828 rotundum

204 854 304 929 ampla
316 853 452 930 largitate
466 861 640 914 construens
655 857 686 914 in
702 857 851 916 meliorem
868 860 959 916 erexit
972 865 1094 929 statum,
1107 865 1195 935 atqua
1210 879 1327 920 sacrum
1340 863 1449 919 lentem
1465 863 1495 917 in
1507 864 1603 920 medio
1614 863 1730 937 largiori
1747 868 1841 939 spatio

203 952 347 1020 brodarii,
359 958 388 1010 at
403 953 433 1009 in
450 954 573 1011 circuitu
585 954 732 1012 columnis
743 955 956 1031 porphyreticis
965 957 1120 1024 decoravit,
1133 964 1162 1015 et
1171 959 1201 1014 in
1212 960 1307 1016 medio
1319 959 1408 1017 tontis
1418 959 1586 1016 columnam
1598 962 1742 1033 poenitet
1752 981 1841 1038 super

150 1050 187 1106 15
205 1049 373 1108 columnam
386 1066 496 1126 agnum
507 1057 672 1127 exurgente
684 1053 855 1125 punissimo,
867 1054 1038 1111 suadentem
1048 1070 1167 1128 aquam,
1177 1055 1228 1128 qui
1239 1072 1361 1129 pensan.
1373 1055 1464 1112 libras
1475 1056 1574 1112 decem
1585 1061 1614 1113 et
1624 1062 1689 1114 octa
1699 1063 1727 1114 et
1736 1059 1839 1117 uncias

203 1147 313 1203 decem.
325 1146 441 1204 Necnon
457 1151 486 1204 et
501 1147 592 1205 altare
602 1150 699 1222 maius
710 1151 765 1207 sub
776 1149 880 1208 absida
889 1152 1064 1219 construxit,
1075 1153 1161 1224 cuy'us
1176 1152 1278 1210 laoicm
1290 1157 1377 1226 atquc
1386 1153 1611 1223 contessionem,
1624 1169 1677 1212 seu
1691 1169 1790 1229 rugas,
1802 1156 1839 1214 ad

204 1243 337 1301 decorem
354 1245 448 1319 ipsius
463 1246 539 1304 sacri
552 1245 654 1304 altaris
667 1247 815 1305 investivit
828 1264 863 1305 ex
878 1253 999 1322 argento
1015 1249 1222 1320 mundissimo,
1248 1265 1369 1322 pensan.
1384 1249 1474 1306 simul
1488 1249 1580 1308 libras
1604 1252 1797 1325 quadraginta
1811 1256 1841 1311 et

203 1347 283 1413 octo;
299 1359 400 1400 varum
415 1344 504 1401 etiam
519 1349 549 1402 et
562 1350 672 1403 vestem
689 1346 725 1403 da
740 1346 868 1403 stauraci
892 1363 982 1420 super
996 1363 1061 1403 eam
1075 1349 1183 1420 posuit,
1197 1353 1285 1420 etque
1302 1346 1464 1420 regularem
1480 1348 1521 1405 ibi
1546 1349 1806 1422 superinvcstitum
1821 1368 1840 1408 x

203 1445 323 1516 argento
338 1443 498 1514 purissimo
523 1443 601 1500 lecit.
617 1445 652 1500 iit
680 1461 769 1518 super
793 1444 891 1518 ipsum
918 1445 1079 1518 regularem
1109 1445 1209 1518 posuit
1233 1462 1333 1502 arcum
1350 1450 1379 1502 et
1393 1446 1578 1520 gammadias
1592 1465 1627 1504 ex
1641 1453 1772 1521 argento,
1788 1447 1839 1523 qui

201 1637 285 1712 gnta
298 1642 328 1694 et
342 1643 455 1712 septem
470 1645 500 1696 et
513 1640 615 1697 uncias
630 1641 746 1709 dscem;
763 1639 863 1714 ipsum
882 1657 950 1697 vero
966 1640 1170 1714 baptisterium
1187 1639 1309 1696 diversis
1325 1641 1353 1697 in
1370 1640 1493 1696 circuitu
1510 1641 1657 1697 decoravit
1668 1641 1802 1714 picturis.

238 1736 315 1793 808
330 1736 496 1793 Oratorium
512 1753 579 1794 vero
593 1741 700 1794 sanctas
716 1738 828 1807 Crucis,
841 1739 891 1795 ubi
906 1755 1005 1811 supra,
1015 1739 1092 1811 quod
1109 1755 1167 1812 pre
1183 1737 1276 1794 nimia
1289 1741 1352 1795 arat
1365 1742 1509 1795 vetustate
1525 1738 1684 1808 ruiturum,
1699 1739 1748 1796 hio
1764 1755 1836 1813 pra·

201 1833 308 1907 nipuus
322 1839 423 1907 pastor
437 1852 454 1891 a
469 1835 670 1893 laudamentis
684 1835 775 1892 simul
786 1853 854 1893 cum
864 1837 967 1894 absida
983 1852 1056 1892 novo
1072 1836 1194 1894 aedilicio
1209 1835 1347 1906 erexit,et
1361 1835 1398 1892 ad
1411 1836 1571 1910 perlectum
1582 1853 1676 1910 usquc
1690 1837 1836 1910 perduxit,
1873 1883 1875 1890 ι

202 1935 289 2004 atque
304 1930 399 2004 ipsam
414 1931 548 1988 absidam
564 1948 599 1988 ex
613 1931 727 1990 musivo
743 1931 866 1992 diversis
880 1935 1047 1992 decoratam
1068 1932 1190 2006 picturis
1211 1937 1298 2006 atque
1318 1933 1515 1991 marmoribus
1529 1933 1604 1991 miro
1619 1933 1775 2008 splendore
1789 1953 1837 1992 or·

202 2027 291 2095 navit,
301 2027 352 2084 ubi
368 2032 397 2084 et
410 2025 518 2085 obtulit
532 2028 677 2086 ciborium
690 2045 780 2103 super
793 2029 885 2088 altare
900 2047 968 2087 cum
984 2031 1130 2087 columnis
1152 2030 1225 2102 auis,
1239 2036 1326 2104 atqua
1342 2031 1446 2088 taciem
1460 2031 1555 2105 ipsius
1575 2030 1677 2088 altaris
1691 2031 1838 2090 investivit

163 2127 183 2182 5
201 2130 322 2200 argemo
336 2125 507 2199 purissimo,
524 2142 647 2200 pensan
663 2126 754 2184 libras
778 2131 896 2185 centurn
912 2127 1015 2202 viginti
1030 2132 1059 2185 et
1073 2145 1163 2185 unum
1188 2134 1217 2185 et
1239 2129 1342 2185 uncias
1364 2129 1453 2196 duas;
1470 2145 1593 2202 regnum
1617 2128 1837 2204 spanoclystum

200 2240 235 2280 ex
247 2241 318 2281 aura
333 2223 504 2297 purissimo,
515 2240 583 2280 cum
598 2241 684 2282 eruce
699 2225 728 2281 in
744 2227 852 2296 medie,
864 2228 995 2300 pandens
1008 2243 1097 2300 super
1107 2227 1205 2300 ipsum
1220 2226 1320 2296 altaro,
1330 2243 1452 2300 pensan.
1463 2226 1569 2283 libram
1579 2243 1680 2293 unam,
1692 2230 1721 2283 et
1735 2227 1838 2284 uncias

201 2321 349 2380 undecim.
361 2322 479 2378 Necnon
490 2326 520 2378 et
529 2321 603 2378 alias
613 2321 765 2380 columnas
777 2328 930 2397 argenteas
941 2328 1078 2397 quatuor,
1090 2327 1119 2379 et
1129 2339 1218 2397 snper
1232 2321 1313 2396 ipsas
1323 2323 1475 2378 columnas
1488 2320 1653 2394 regularem
1666 2322 1837 2380 investitum

199 2435 234 2476 cx
248 2423 368 2492 argento
384 2418 553 2492 purissimo,
570 2435 692 2491 masan.
704 2420 777 2476 inibi
792 2420 884 2478 libras
903 2421 1056 2494 sexaginta
1069 2424 1098 2478 et
1112 2425 1219 2494 quator
1233 2427 1263 2477 et
1276 2421 1379 2476 uncias
1393 2423 1463 2476 tres.
1479 2422 1572 2476 Arcus
1596 2425 1749 2493 argenteos
1764 2424 1835 2486 tres,

200 2533 322 2589 pensan.
335 2516 425 2573 libras
440 2517 635 2590 quadraginta
649 2521 678 2574 et
692 2523 752 2574 tros
767 2524 797 2576 et
811 2519 915 2576 uncias
933 2525 999 2575 coto
1016 2537 1023 2576 ε
1040 2519 1184 2592 imagines
1203 2521 1356 2591 argenteas
1368 2519 1525 2573 deauratas
1539 2522 1610 2587 tres,
1622 2535 1745 2591 pensan
1761 2517 1836 2574 inibi

145 2615 183 2669 10
200 2613 291 2670 libras
304 2614 439 2688 triginta3
455 2613 599 2670 canistros
613 2619 768 2687 argenteos
782 2615 961 2672 intersatiles
974 2615 1140 2682 duodecim,
1157 2631 1277 2688 pensan.
1295 2613 1385 2670 simul
1400 2613 1491 2670 libras
1507 2611 1695 2686 septuaginta
1709 2619 1739 2670 et
1753 2619 1834 2682 oct03

199 2709 340 2785 gabathas
354 2714 507 2785 argenteas
522 2710 699 2768 intersatiles
714 2711 853 2768 fundatas
863 2711 966 2785 viginti
978 2727 1082 2779 unum,
1093 2715 1122 2767 et
1136 2727 1252 2767 crucem
1268 2727 1368 2778 unam,
1381 2727 1463 2783 pens.
1474 2709 1503 2765 in
1519 2727 1612 2766 unum
1628 2708 1679 2768 lib.
1690 2710 1834 2783 quinqua·

198 2808 296 2883 ginta;
310 2812 420 2866 vestem
436 2824 525 2882 super
539 2807 630 2865 altars
644 2809 682 2864 dc
696 2808 817 2865 lundata
832 2825 940 2877 unam;
955 2812 984 2864 et
999 2806 1058 2864 alia
1070 2808 1106 2863 de
1121 2806 1256 2876 blatthin,
1268 2824 1336 2864 com
1358 2806 1555 2881 chrysoclavo,
1567 2821 1679 2864 necnon
1694 2811 1724 2864 ct
1744 2806 1833 2864 aliam

197 2913 308 2964 vastam
318 2904 415 2962 albam
426 2909 554 2962 rosatum
565 2921 633 2962 oum
643 2904 830 2979 chrysoclavo
841 2921 848 2961 :
859 2903 957 2962 velum
968 2903 1116 2962 modicum
1129 2903 1380 2978 chrysoclevatum
1391 2920 1458 2961 cum
1471 2903 1619 2976 crucifixo,
1626 2907 1655 2960 at
1664 2903 1832 2978 margaritis

199 3007 350 3074 ornatum;
364 3002 428 3060 vala
440 3003 476 3060 dc
485 3003 612 3060 stauraci
627 3007 751 3077 septem,
763 3002 827 3060 vele
837 3004 873 3060 de
885 3002 1006 3059 lundata
1017 3005 1152 3075 quatuor,
1164 3001 1228 3059 vela
1237 3002 1363 3070 modico,
1374 3018 1438 3075 qua
1450 3002 1579 3075 pandant
1588 3001 1618 3058 in
1629 3000 1755 3077 regulari
1765 3007 1833 3062 ante

143 3105 183 3162 15
199 3101 344 3176 imagines
359 3101 463 3175 'l'yrias
476 3118 526 3158 aaa
537 3117 545 3156 t
558 3100 622 3158 vela
635 3101 707 3158 arba
720 3101 823 3169 serica,
835 3104 939 3158 ornata
954 3100 983 3156 in
999 3099 1124 3158 circuitu
1139 3099 1175 3156 de
1189 3099 1311 3157 lundata
1326 3099 1495 3168 duodecim3
1507 3099 1605 3157 velum
1619 3101 1717 3173 mnjua
1731 3100 1831 3158 album

198 3202 482 3268 mestum,ornatnm
494 3199 620 3272 desuper
630 3198 666 3254 de
676 3196 842 3272 quadruplo
853 3213 957 3264 unum,
968 3201 997 3254 ct
1007 3196 1087 3254 aliud
1097 3196 1195 3254 velum
1206 3198 1340 3264 rubeum,
1354 3213 1421 3254 oum
1432 3195 1637 3270 bubalo,quod
1648 3199 1755 3271 pendet
1764 3203 1832 3256 ante

198 3297 292 3372 regias
306 3299 450 3370 majores:
461 3295 525 3354 vala
536 3295 697 3353 modicadc
708 3295 836 3353 stauraci
850 3299 989 3368 quatuor,
1000 3311 1064 3369 quae
1079 3295 1209 3368 pandent
1222 3293 1254 3350 in
1274 3293 1400 3370 regulari
1416 3299 1484 3352 ante
1494 3293 1652 3369 imaginem
1668 3297 1719 3354 sad
1734 3299 1764 3353 et
1775 3294 1833 3354 alia

196 3394 261 3454 vala
274 3395 443 3471 promiscua
456 3395 550 3452 serica
564 3409 687 3450 numero
703 3393 851 3451 undecim.
865 3393 954 3461 Facit,
969 3392 1020 3450 ubi
1035 3410 1135 3468 supra,
1149 3392 1186 3450 ad
1208 3393 1303 3450 lantes
1317 3391 1381 3450 vela
1395 3394 1483 3468 'l'yria
1496 3393 1564 3462 tria,
1579 3409 1643 3467 que
1659 3395 1787 3467 pendent
1800 3394 1830 3451 in

197 3493 360 3569 regularem
375 3497 444 3550 anta
458 3491 612 3566 imagines,
628 3495 657 3549 et
671 3490 730 3548 alia
743 3491 807 3548 vela
823 3491 1053 3549 sericaanmera
1067 3490 1172 3565 viginti
1187 3507 1290 3548 unum.

232 3593 310 3650 m
325 3591 377 3649 iiio
391 3590 459 3648 iecit
473 3591 557 3647 beato
573 3590 655 3647 Petro
669 3587 800 3662 apostolo
820 3587 958 3646 nutritori
982 3605 1036 3646 suo
1061 3588 1182 3646 calicem
1207 3605 1330 3646 aureum
1354 3589 1534 3662 precipuum
1559 3589 1777 3664 spaneclystum
1792 3595 1833 3678 (a)

197 3691 320 3749 diversis
334 3692 470 3748 ornatum
486 3687 634 3761 lapidibus
649 3687 794 3760 pretiosis,
807 3704 929 3760 pensan.
941 3686 1032 3744 libras
1042 3687 1174 3762 triginta.
1187 3687 1258 3743 Pari
1268 3686 1355 3743 modo
1366 3687 1434 3743 lecit
1443 3692 1472 3743 et
1482 3692 1618 3760 patenam
1631 3705 1750 3746 auream
1764 3707 1832 3763 spa-

197 3788 371 3863 noclystam,
388 3785 524 3844 similiter
537 3785 660 3842 diversis
676 3789 808 3842 ornatam
834 3784 970 3858 pretiosis
984 3783 1143 3858 lapidibus,
1160 3801 1282 3857 pensan.
1294 3783 1386 3840 libras
1400 3785 1504 3857 viginti
1517 3785 1655 3859 quinque.
1669 3787 1748 3844 Fecit
1765 3803 1833 3844 vero

197 3903 286 3961 super
299 3885 443 3944 ciborium
460 3884 495 3941 de
510 3883 594 3940 altari
610 3883 714 3955 majori
731 3882 1205 3955 beatoPetroapostolocanthara
1217 3882 1330 3953 msp'ora
1342 3883 1469 3954 quatuor
1483 3887 1646 3954 exurgente
1662 3882 1831 3956 purissimo,

159 3989 178 4045 5
196 3985 336 4043 habentia
350 3983 380 4040 in
395 3982 493 4039 medio
505 3997 603 4038 cemos
612 3997 647 4038 ex
661 3983 781 4054 argento
792 3980 958 4064 deauratos,
972 3995 1093 4052 pensan,
1107 3979 1136 4034 in
1150 3995 1242 4034 unum
1259 3977 1349 4034 libras
1360 3982 1479 4035 centum
1494 3982 1522 4034 et
1536 3979 1740 4052 quadraginta.
1758 3980 1832 4038 Prn-

197 4083 294 4140 diotus
308 4097 375 4139 vero
389 4085 419 4137 et
433 4076 591 4153 praeclarus
605 4077 734 4151 pontifex
745 4077 814 4134 lecit
829 4075 878 4134 ubi
888 4092 979 4148 supra
992 4075 1178 4132 thuribulum
1190 4073 1382 4148 apostolicum
1393 4092 1429 4131 aa
1439 4093 1510 4132 auro
1526 4073 1696 4149 purissimo,
1709 4093 1830 4150 pensan.

197 4181 288 4239 libras
302 4180 377 4237 duas
391 4181 420 4235 et
435 4177 539 4235 uncias
549 4175 690 4250 quinque.
703 4175 782 4232 Fecit
796 4191 863 4232 vere
876 4178 988 4232 vestem
1004 4189 1093 4246 super
1107 4171 1198 4230 altare
1212 4173 1309 4245 majus
1321 4171 1550 4246 chrysoclavam,
1560 4173 1684 4230 diversis
1699 4179 1832 4233 ornatam

197 4277 320 4354 picturis
329 4293 420 4350 quam
430 4274 583 4332 constituit
592 4277 720 4347 quatuor
730 4271 913 4346 temporibus
923 4288 975 4345 per
984 4285 1096 4328 anuum
1112 4270 1142 4325 in
1152 4269 1307 4326 duodecim
1317 4269 1493 4328 lectionibus
1505 4270 1614 4328 ibidem
1624 4287 1741 4345 ponera.
1753 4273 1834 4331 rasit

198 4374 249 4432 ubi
264 4389 484 4448 supercorenas
495 4371 621 4444 maiores
631 4387 666 4427 ex
679 4373 800 4443 argento
815 4367 975 4442 purissimo
989 4370 1127 4440 quatuor,
1139 4382 1262 4438 pensan.
1273 4364 1361 4422 simul
1377 4365 1468 4424 libras
1486 4369 1603 4425 centum
1619 4367 1833 4444 quinquaginta

143 4475 179 4531 10
198 4477 325 4547 quatuor
337 4474 367 4529 et
382 4469 483 4528 semis.
494 4469 648 4526 ileoitverc
657 4467 709 4524 nbi
720 4483 811 4540 supra
820 4464 972 4522 lactarium
984 4481 1019 4522 ex
1029 4468 1150 4538 argento
1162 4462 1321 4536 purissimo
1331 4464 1412 4521 mire
1422 4465 1636 4538 magnitudinis
1650 4467 1832 4538 decoratum,

124 4605 127 4614 ,
198 4587 320 4646 pensan.
333 4568 424 4627 libras
437 4571 557 4626 centum
572 4564 807 4640 quadragintaet
817 4569 893 4633 tres;
905 4579 1017 4620 necnon
1028 4567 1057 4619 et
1066 4566 1227 4620 cerostatas
1236 4577 1271 4618 ex
1281 4567 1400 4635 argento
1411 4561 1619 4631 mundissimo,
1630 4567 1834 4639 stantesjuxta

196 4669 296 4743 ipsum
309 4665 474 4735 lectorium,
485 4681 606 4739 pensan.
618 4661 709 4720 simul
724 4661 815 4720 libras
830 4659 1024 4736 quadraginta
1037 4664 1067 4718 at
1082 4675 1196 4718 novem.
1207 4657 1315 4716 Veram
1330 4657 1420 4716 etiam
1435 4664 1464 4717 et
1479 4676 1568 4734 sopior
1581 4661 1661 4735 ipsas
1674 4667 1833 4722 cerostataa

198 4767 268 4824 iecit
279 4765 415 4824 lucernas
430 4763 532 4832 fusiles
542 4761 667 4819 bimixas
676 4762 750 4817 duas
760 4777 795 4818 ex
807 4762 927 4833 argento
941 4775 1029 4832 puro,
1039 4773 1163 4831 pensan.
1176 4755 1266 4814 libras
1275 4755 1377 4830 viginti
1389 4761 1417 4813 et
1426 4759 1549 4831 septem.
1560 4759 1601 4815 lix
1615 4759 1671 4818 hcc
1680 4761 1834 4820 constituit

198 4870 231 4921 ut
240 4862 460 4922 Dominicorum
471 4860 527 4932 die,
537 4859 582 4918 vel
594 4860 624 4916 in
636 4857 748 4917 sanatis
761 4855 1007 4923 solemnitatibus,
1020 4854 1090 4922 hinc
1101 4853 1169 4911 iada
1179 4854 1265 4927 juxta
1277 4852 1428 4911 lectorium
1440 4855 1644 4929 consisterent,
1654 4863 1684 4916 et
1694 4861 1730 4918 ad
1740 4861 1836 4937 legen.

143 4965 179 5024 ⁴5
197 4964 270 5020 dnm
285 4978 384 5019 sacras
398 4959 538 5018 lectiones
552 4956 674 5014 luminis
689 4955 844 5029 splendore
859 4952 1014 5026 fulgerent.
1026 4950 1278 5009 pharacantharos
1293 4951 1362 5008 lecit
1383 4952 1412 5008 in
1429 4953 1609 5028 presbyterio
1624 4973 1747 5018 numero
1762 4980 1835 5036 qua·

198 5060 360 5119 tuordecim
375 5074 410 5116 ex
419 5061 540 5131 argento
554 5054 762 5122 mundissimo,
774 5069 859 5127 pens.-
869 5051 957 5109 simul
974 5049 1064 5108 libras
1074 5049 1286 5123 quadragintas
1301 5049 1423 5124 triginta
1432 5055 1460 5108 et
1470 5056 1545 5126 tres;
1558 5071 1671 5114 aeoaoa
1681 5059 1835 5119 columnas

126 5191 129 5198 .
198 5165 263 5219 aeto
278 5163 307 5217 et
320 5175 406 5216 meus
421 5161 548 5232 quatuor
562 5153 630 5212 lecit
644 5169 679 5211 ex
693 5155 824 5226 argento,
837 5165 958 5224 pensan.
971 5147 1044 5204 inibi
1058 5147 1150 5204 libras
1164 5149 1281 5204 centum
1298 5149 1485 5223 septuaginta
1499 5156 1528 5209 et
1543 5155 1610 5212 tres.

235 5259 313 5316 aaa
328 5255 405 5314 Fecit
418 5271 486 5313 vero
501 5251 552 5311 ubi
567 5269 657 5326 supra
670 5249 777 5308 oalieea
793 5247 930 5306 fundatos
945 5263 980 5304 ex
993 5249 1124 5320 argento,
1137 5245 1188 5318 qui
1205 5246 1332 5318 pandent
1349 5246 1426 5304 inter
1436 5249 1590 5308 columnas
1600 5255 1726 5325 mnjores
1736 5255 1837 5310 dextra

200 5357 328 5431 levaque
342 5353 469 5413 basilica
483 5368 607 5410 numera
622 5348 774 5423 sexaginta
785 5351 921 5420 quatuor,
933 5359 1055 5418 pensan.
1067 5342 1176 5415 pariter
1189 5341 1280 5400 libras
1291 5344 1521 5421 quadringentas
1533 5349 1685 5423 sexaginta
1695 5353 1725 5406 et
1735 5367 1837 5408 unam.

201 5455 296 5513 lsdem
310 5469 378 5512 vero
394 5467 544 5526 presagus
558 5449 680 5508 antistes
697 5447 746 5504 ubi
762 5461 853 5518 supra
869 5443 906 5500 ad
922 5443 1042 5498 beatum
1056 5441 1203 5498 Andream
1219 5441 1386 5515 apostolum
1402 5443 1550 5502 investivit
1571 5445 1661 5502 altare
1685 5447 1782 5519 majus
1804 5464 1839 5506 ex

201 5557 320 5627 argento
330 5551 490 5626 purissimo
501 5550 650 5616 deaurato,
663 5545 736 5601 miro
747 5543 849 5600 decore
860 5543 974 5610 ornato,
986 5538 1038 5612 qui
1049 5555 1171 5613 pensan.
1184 5539 1316 5613 undique
1327 5539 1418 5598 libras
1429 5547 1548 5598 centum
1559 5542 1680 5615 triginta
1690 5544 1837 5625 quinqus;

163 5655 183 5711 5
202 5651 357 5710 cantharas
371 5666 406 5708 ax
419 5653 541 5724 argento
554 5643 713 5721 purissima
724 5641 890 5710 duodecim,
903 5655 1026 5714 pensan.
1039 5637 1128 5695 simul
1144 5637 1235 5695 libras
1246 5637 1460 5714 quinquaginta
1475 5644 1503 5696 et
1514 5641 1606 5710 duas;
1618 5642 1769 5704 canistros
1779 5645 1838 5706 duc

722 5867 849 5918 sorotis
868 5863 1060 5915 metinates
1081 5859 1243 5912 renueret.

166 5967 206 6052 (a)
220 5965 254 6046 d,
269 5963 492 6046 epanocllatum.
