4040 6170
138 208 220 273 true
520 208 705 272 HISTORIA
726 206 778 272 DD
798 208 900 272 virts
921 207 1017 273 RDM.
1039 207 1154 273 PONT.
1176 243 1214 256 -
1232 208 1460 273 aasentias.
1764 205 1844 273 {270
1920 201 1923 206 ’

242 343 318 401 441
341 341 482 400 Praeterea
492 341 570 399 idem
586 357 723 400 summus
733 340 862 414 pontifex
872 345 901 397 et
911 340 1205 410 orthodoxus‚divina
1215 341 1405 415 inspiratione
1415 341 1559 416 pulsatus,
1571 339 1843 402 ecolesinmsanctro

209 446 238 500 et
250 443 430 499 intemerata
444 439 572 515 Virginis
588 439 685 498 Maria
700 439 825 496 dominre
841 439 1128 512 nostraadPraesepe
1139 456 1260 496 cernens
1271 441 1419 513 quondam
1434 440 1485 497 tali
1499 458 1579 498 more
1594 443 1845 511 constructam,ut

209 545 276 615 poet
292 541 391 598 sedem
406 538 553 612 pontificis
568 537 707 594 mulieres
722 539 758 594 ad
775 554 859 595 sacra
871 537 1031 594 missarum
1048 537 1190 594 solemnia
1205 539 1316 594 stantes
1330 554 1421 611 prope
1435 538 1573 596 assistere
1579 540 1665 612 juxto
1675 537 1843 612 pontificem

207 638 385 705 viderentur,
392 635 433 694 ita
443 642 476 693 ut
488 637 514 693 si
524 635 635 708 aliquid
648 635 774 708 colloqui
786 635 915 709 pontifex
924 653 992 692 oum
1001 635 1207 693 assistentibus
1213 635 1404 704 voluisset,ex
1415 637 1579 710 propinqus
1590 636 1673 695 valde
1683 637 1843 694 mulierum

175 739 194 794 5
211 735 445 810 frequentatione
460 751 646 807 nequaquam
656 734 680 790 ei
693 733 757 790 sine
766 733 884 790 illarum
895 734 1106 791 interventione
1119 735 1237 792 liceret:
1250 735 1366 807 largum
1375 733 1484 791 ibidem
1497 733 1592 792 focum
1603 735 1845 808 inesse,qunliter

209 834 279 892 inde
294 833 394 890 sedem
409 837 523 889 mutare
537 831 871 900 valeretcumcerneret,
883 831 951 888 dato
966 832 1063 905 operis
1078 833 1176 888 studio
1189 831 1277 904 coepit
1290 831 1490 890 indesinenter
1503 849 1588 906 agere
1603 835 1702 890 sedem
1717 831 1842 890 inferius

209 931 335 1007 positam
352 947 472 988 sursum
486 947 605 1004 ponera,
621 934 654 988 ut
667 947 701 987 co
715 928 889 986 familiarius
905 929 1028 986 Domino
1044 947 1144 1003 preces
1160 929 1281 987 fundere
1295 934 1405 1003 posset,
1422 947 1480 1003 qno
1495 930 1643 988 consortia
1665 930 1840 1004 populorum

210 1031 342 1087 modeste
356 1027 503 1086 declinare
517 1027 671 1101 potuisset.
687 1027 818 1100 Denique
833 1026 933 1084 sedern
950 1026 1059 1100 optime
1075 1043 1164 1100 quam
1180 1027 1293 1083 dudum
1309 1025 1403 1084 fuerat
1417 1026 1625 1101 pulcherrimis
1644 1029 1843 1086 marmoribus

209 1129 376 1185 decoratam
391 1125 532 1194 condidit,
543 1129 572 1182 el
587 1124 716 1198 undique
728 1141 869 1181 ascensus
883 1123 992 1197 quibus
1003 1124 1112 1181 adeam
1126 1124 1280 1198 gradiatur
1294 1124 1465 1194 construxit,
1474 1123 1841 1199 pavimentumquenftnris

154 1226 190 1284 40
209 1225 323 1299 erigens
338 1223 560 1298 pretiosissimis
575 1223 772 1280 marmoribus
787 1221 899 1279 stravit.
917 1221 1013 1279 Erexit
1036 1239 1107 1278 sanc
1131 1238 1182 1278 sex
1205 1221 1279 1278 inibi
1303 1227 1371 1278 ante
1399 1222 1614 1280 confessionem
1638 1223 1715 1281 sacri
1740 1221 1842 1280 altaris

209 1339 356 1397 purpureo
369 1320 465 1380 colore
479 1321 724 1394 columnns,quaa
739 1337 828 1394 super
841 1319 996 1377 etenndidi
1010 1320 1166 1378 marmoris
1180 1321 1294 1377 trahem
1309 1320 1418 1393 posuit,
1426 1321 1582 1395 purpureis
1597 1322 1699 1379 dextra
1712 1321 1842 1394 favaque

210 1419 406 1478 marmoribus
423 1423 541 1476 nectens
556 1418 622 1476 illas
637 1418 757 1486 scilicet,
774 1417 977 1491 salutarisque
1003 1433 1147 1474 exornans
1171 1417 1243 1474 satis
1272 1419 1425 1475 commode
1453 1419 1609 1476 decoravit.
1626 1417 1841 1492 Presbyterinm

208 1535 325 1592 qnoque
339 1516 433 1592 ipsius
444 1517 572 1575 ecclesiae
582 1517 706 1574 diversis
717 1516 924 1584 marmoribus,
937 1515 1148 1589 quampridem
1160 1515 1265 1583 fuerat,
1278 1516 1307 1572 in
1320 1516 1425 1574 melius
1439 1518 1594 1590 reparavit.
1603 1515 1840 1590 Propitictorium

206 1633 274 1673 vero
289 1617 365 1674 socri
379 1615 490 1685 altaris,
502 1632 554 1672 seu
570 1614 924 1685 confessionem,interius
939 1614 1123 1686 exteriusque
1138 1630 1205 1670 cunr
1221 1612 1335 1688 rugufis
1349 1614 1411 1670 suis
1426 1631 1536 1672 exaurc
1552 1612 1840 1688 purissimomirifros

152 1717 189 1772 45
208 1713 365 1782 decoravit,
377 1730 499 1787 pensan.
511 1713 602 1770 libras
613 1717 731 1770 centurn
742 1713 929 1786 septuaginta
938 1715 1065 1786 quatuor
1075 1717 1104 1768 et
1114 1711 1218 1768 uncias
1228 1729 1288 1768 sex.
1301 1710 1443 1768 Similiter
1452 1717 1481 1769 at
1496 1713 1586 1770 altaro
1606 1712 1700 1787 ipsius
1712 1709 1840 1770 basilica

207 1831 242 1870 ex
256 1813 402 1887 argenteis
415 1811 546 1878 laminis,
570 1827 638 1868 cum
662 1810 794 1868 historiis
819 1809 942 1867 diversis
968 1808 1165 1883 pulcherrimo
1187 1810 1313 1884 compsit
1332 1813 1420 1884 atquo
1435 1811 1595 1879 deauravit,
1611 1827 1733 1884 pensan.
1749 1808 1840 1867 libras

204 1915 349 1968 trecentas
364 1909 534 1983 octuaginta
548 1913 578 1966 et
591 1909 731 1982 quinque.
748 1908 983 1983 Benignissimus
997 1906 1086 1964 etiam
1100 1907 1317 1980 praclarusque
1341 1908 1446 1981 praesul
1469 1908 1576 1966 obtulit
1590 1908 1632 1966 ibi
1647 1906 1790 1982 gabathas
1805 1923 1840 1964 ex

206 2026 278 2068 auro
292 2007 462 2082 purissimo,
478 2023 545 2064 cum
570 2007 693 2064 diversis
716 2006 841 2080 gemmis
863 2022 985 2062 numero
1010 2022 1069 2074 sex,
1086 2022 1207 2077 pensan.
1224 2005 1315 2062 libras
1343 2007 1447 2080 viginti
1476 2012 1505 2063 et
1529 2007 1631 2064 uncins
1657 2023 1716 2063 sex.
1733 2006 1768 2062 Εἰ
1783 2004 1839 2060 hoo

207 2107 370 2175 constituit,
380 2110 414 2162 ut
424 2122 540 2178 semper
553 2104 657 2162 diebus
669 2122 703 2162 ae
713 2105 849 2161 noctibus
860 2107 927 2160 ante
938 2107 1158 2160 sacrosanctum
1170 2103 1261 2160 altore
1276 2104 1400 2160 lucerna
1415 2105 1517 2162 ardere
1532 2105 1665 2162 debeant.
1678 2103 1730 2162 ilic
1740 2101 1838 2159 divina

150 2207 187 2262 20
205 2204 397 2279 inspiratione
406 2202 618 2272 fultus,obtulit
628 2203 658 2258 in
665 2203 728 2275 jam
739 2203 818 2258 dicta
826 2201 947 2258 basilica
957 2217 1043 2258 arcus
1053 2219 1087 2258 cx
1097 2206 1218 2275 argento
1229 2216 1351 2258 numero
1362 2204 1508 2270 octonum
1519 2200 1665 2259 columnis
1677 2199 1836 2267 sexdecim,

207 2320 328 2377 pensan.
342 2300 463 2358 insimul
478 2301 568 2357 libras
583 2300 724 2358 ducentas
739 2301 838 2356 decem
854 2304 882 2356 et
896 2303 961 2356 octo
977 2305 1005 2355 et
1020 2298 1122 2355 uncins
1137 2303 1211 2356 octo.
1227 2298 1305 2356 Fecit
1318 2299 1407 2356 stiam
1422 2304 1451 2356 et
1466 2303 1533 2356 ante
1547 2297 1725 2356 vestibulum
1736 2295 1839 2354 altaris
1895 2292 1900 2300 '

206 2417 296 2475 rugas
310 2401 437 2472 majores
451 2417 486 2456 ex
500 2404 632 2472 argento,
647 2415 770 2472 pensan.
786 2397 877 2454 libras
892 2395 1079 2470 septuaginta
1091 2401 1121 2453 et
1135 2400 1210 2454 octo.
1219 2396 1331 2454 Obtulit
1344 2396 1432 2453 stiam
1447 2401 1477 2454 et
1490 2397 1631 2454 canthara
1641 2395 1691 2453 ubi
1707 2413 1798 2470 snpra
1804 2411 1840 2452 ex

206 2503 326 2572 argento
342 2514 464 2555 numero
479 2513 540 2568 sex,
556 2513 676 2570 pensan.
695 2495 816 2552 insimul
831 2495 921 2551 libras
935 2495 1087 2567 sexaginta
1100 2499 1129 2550 et
1145 2495 1244 2551 semis.
1261 2495 1326 2551 Pari
1354 2495 1441 2550 modo
1470 2499 1500 2551 et
1527 2511 1580 2568 per
1603 2511 1689 2552 arcus
1713 2494 1840 2566 majores

205 2596 367 2669 sepedicta
377 2592 504 2652 ecclesiae
515 2593 696 2652 fecitcafices
706 2594 832 2666 majores
842 2608 877 2648 ex
887 2597 1007 2664 argento
1022 2591 1184 2664 pendentes
1198 2607 1320 2648 numero
1335 2591 1568 2666 quodragintaat
1578 2592 1664 2662 duos,
1674 2591 1726 2664 qui
1736 2607 1839 2648 omnes

152 2695 188 2751 25
206 2691 328 2750 insimul
343 2709 427 2767 pens.
442 2691 533 2749 libras
548 2693 689 2748 ducentas
704 2690 874 2764 octuaginta
888 2693 916 2746 et
931 2705 1032 2746 unam.
1049 2688 1232 2747 Venerabilis
1250 2689 1359 2746 etenim
1384 2689 1490 2763 presul
1505 2691 1543 2747 oh
1558 2706 1688 2748 amorem
1704 2689 1837 2762 ejusdem

205 2791 334 2866 Virginis
347 2790 473 2848 domina
488 2792 593 2848 nostra
608 2787 715 2846 obtulit
728 2787 837 2844 ibidem
853 2803 976 2844 coronas
991 2803 1026 2844 ex
1040 2789 1160 2860 argento
1175 2803 1297 2844 numero
1305 2793 1441 2861 quatuor,
1453 2788 1676 2862 pensan.libras
1686 2785 1838 2860 sexaginta
1867 2773 1870 2778 ’

205 2894 235 2948 et
248 2889 322 2945 duas
337 2892 366 2945 et
379 2887 480 2957 semis,
496 2891 525 2944 at
538 2887 642 2944 uncias
656 2891 716 2942 tres
732 2884 822 2942 :item
838 2885 888 2942 ubi
909 2901 999 2958 snpra
1023 2883 1152 2942 canistra
1175 2901 1209 2942 ex
1230 2889 1350 2959 argento
1376 2903 1497 2943 numero
1522 2877 1591 2957 dno,
1607 2901 1729 2960 pensan.
1746 2884 1837 2944 liores

204 2984 660 3044 tredecim.Decitetiamihidem
670 2983 830 3056 imaginem
841 2986 1005 3056 exurgente
1015 2983 1197 3051 deauratam,
1209 2999 1277 3039 cum
1287 2983 1371 3040 vultu
1387 2984 1478 3040 beate
1493 2983 1544 3040 Dei
1555 2983 1711 3041 Genitricis
1728 2983 1836 3055 Mariae,

206 3100 328 3158 pensan.
340 3082 432 3139 libras
446 3082 547 3138 decem
558 3085 587 3138 et
597 3085 710 3154 septem
723 3084 751 3135 et
761 3079 864 3137 uncias
874 3085 943 3136 tros.
955 3079 1062 3136 Christi
1074 3096 1191 3153 quoque
1201 3080 1412 3154 omnipotentis
1423 3081 1538 3138 Domini
1550 3080 1680 3138 famulus
1691 3081 1798 3138 obtulit
1806 3080 1838 3138 in

148 3183 185 3239 30
204 3183 389 3240 sacrosancto
414 3178 500 3236 altari
528 3178 689 3253 sepedicta
709 3177 836 3234 basilicae
859 3183 955 3234 vestes
980 3179 1016 3234 de
1040 3177 1228 3251 chrysoclavo
1252 3179 1336 3246 duas,
1352 3179 1493 3236 habentes
1509 3178 1663 3236 historiam
1678 3179 1834 3236 Dominicae

205 3277 367 3337 nativitatis
376 3275 493 3335 Domini
504 3276 597 3334 nostri
606 3277 676 3333 lesu
687 3275 875 3346 Christi,oum
888 3275 1160 3350 periclysi,divorsis
1171 3279 1289 3334 ornatas
1299 3277 1425 3350 gemmis
1437 3280 1524 3350 atque
1535 3277 1838 3352 margaritis,mirilice

206 3379 368 3434 decoratas.

240 3476 318 3534 448
338 3473 450 3532 Obtulit
460 3472 548 3530 etiam
558 3471 599 3528 ibi
610 3470 1445 3545 ipseafiamvestemdcchrysoclavo,habentemhistoriam
1457 3473 1837 3546 qualiterDominusnoster

205 3574 292 3631 lesus
307 3571 440 3629 Christus
451 3570 590 3628 alonnne
600 3569 630 3625 in
640 3569 768 3626 iordane
779 3569 943 3642 baptizatus
958 3573 1083 3637 est,cum
1099 3567 1234 3642 periclysi
1249 3570 1284 3626 de
1300 3569 1497 3644 chrysoclavo,
1516 3571 1639 3628 mirifice
1654 3575 1834 3628 exornatam.

206 3672 280 3727 imm
294 3669 346 3726 ubi
361 3685 451 3742 supra
464 3667 590 3740 compsit
603 3671 714 3723 vestem
729 3667 765 3723 dc
780 3665 975 3741 chrysoclavc,
985 3666 1141 3724 habentem
1157 3667 1309 3724 historiam
1320 3668 1477 3724 Dominicis
1489 3668 1712 3726 resurrectionis
1720 3667 1836 3726 Domini

202 3767 295 3824 nostri
307 3767 378 3824 lesu
393 3765 588 3835 Christi,cum
599 3763 734 3838 periclysi
744 3764 780 3820 de
790 3763 986 3837 chrysoclavo,
995 3763 1118 3821 diversis
1125 3768 1258 3821 ornatam
1274 3764 1451 3839 margaritis.
1464 3765 1666 3834 Beatissimae,
1678 3769 1706 3822 et
1716 3783 1835 3824 veneru-

163 3867 185 3923 5
202 3865 273 3923 bilis
283 3864 512 3939 prenominatus
522 3863 651 3937 pontifex
661 3863 759 3920 divino
770 3879 868 3919 amore
879 3863 986 3919 ductus
996 3862 1063 3919 fecit
1077 3862 1186 3919 ibidem
1198 3863 1227 3918 in
1234 3863 1298 3935 y'nm
1310 3863 1429 3936 praefato
1439 3862 1523 3920 altari
1535 3868 1644 3923 vestem
1655 3863 1791 3922 similiter
1800 3864 1835 3923 de

196 3961 398 4042 chrysoclavo,
409 3961 566 4019 habentem
576 3959 730 4016 historiam
741 3957 867 4032 qualiter
875 3959 960 4016 beata
970 3959 1018 4016 Dei
1029 3959 1257 4016 Genitrianria
1267 3977 1387 4034 corpore
1398 3963 1443 4018 est
1452 3969 1686 4035 assumpta,oum
1698 3963 1834 4039 periclysi

201 4061 237 4116 de
247 4058 499 4134 chrysoclavo,seu
510 4058 632 4114 diversis
644 4055 811 4130 margaritis
821 4061 969 4129 comptam
980 4061 1066 4129 atque
1077 4057 1336 4114 decoratam.Vecit
1344 4058 1423 4114 enim
1436 4058 1666 4133 benignissimus
1677 4059 1784 4133 presul
1793 4061 1834 4117 ibi

201 4158 264 4231 ipse
278 4156 367 4214 aliam
380 4160 492 4213 vestem
507 4155 543 4212 ds
558 4153 755 4228 chrysoclavo,
771 4153 928 4210 habentem
945 4153 1098 4211 historiam
1114 4155 1271 4211 Dominics
1287 4155 1468 4212 ascensionis
1478 4155 1585 4213 Christi
1599 4157 1715 4214 Domini
1730 4157 1833 4227 nostri,

201 4255 256 4312 rite
271 4255 447 4312 decoratam.
460 4252 531 4310 item
544 4252 592 4308 uhi
604 4268 703 4324 supra,
715 4252 751 4308 oh
763 4267 892 4308 amorem
903 4252 1036 4324 ejusdem
1046 4251 1186 4325 Virginis,
1194 4253 1357 4309 construxit
1369 4252 1457 4310 oliam
1467 4258 1577 4311 vestem
1589 4255 1624 4311 de
1635 4254 1832 4328 chrysoclavo,

145 4354 182 4410 10
201 4352 358 4410 habentem
372 4350 526 4409 historiam
541 4350 668 4424 qualiter
683 4349 809 4422 Spiritus
824 4353 944 4406 sanctus
959 4349 1038 4406 venit
1052 4367 1141 4422 super
1155 4349 1313 4423 apostolos,
1330 4351 1453 4408 diversis
1474 4355 1607 4409 ornatam
1622 4354 1790 4428 margaritis
1804 4360 1835 4413 et

201 4450 378 4507 decoratam.
395 4449 457 4506 lino
473 4448 581 4506 ibidem
599 4447 686 4504 aliam
711 4447 837 4504 munivit
858 4451 968 4504 vestem
984 4447 1020 4504 de
1035 4447 1232 4521 chrysoclavo,
1249 4465 1315 4504 cum
1345 4447 1469 4506 historia
1496 4449 1672 4524 palmarum,
1702 4452 1833 4510 modesta

198 4551 348 4621 comptam
363 4551 452 4619 atquc
467 4548 647 4604 decoratam.

237 4647 314 4703 m
334 4645 452 4700 Necnon
463 4648 492 4700 et
501 4643 551 4699 ubi
562 4660 652 4717 supra
665 4642 753 4700 aliam
770 4643 896 4717 compsit
907 4644 970 4716 jam
986 4643 1156 4700 nominatus
1167 4643 1296 4717 pontifex
1306 4649 1416 4701 vestem
1426 4645 1461 4702 de
1473 4644 1598 4719 olorem,
1611 4662 1679 4702 cum
1695 4646 1832 4722 periclysi

199 4744 237 4799 de
247 4742 379 4799 fundato.
392 4741 504 4798 Pariter
512 4757 629 4814 quoquc
640 4745 668 4796 et
676 4757 729 4814 pro
740 4741 920 4813 quotidianis
935 4740 1039 4798 diebus
1059 4741 1167 4798 obtulit
1183 4746 1278 4799 vestes
1289 4742 1324 4797 dc
1334 4741 1455 4798 fundato
1466 4744 1550 4811 duas,
1563 4760 1630 4800 cum
1643 4743 1833 4819 perielystds

200 4839 394 4914 quadrapulo,
410 4837 606 4912 pulcherrime
619 4843 782 4896 exornatas.
796 4839 848 4896 liic
864 4839 961 4896 divina
976 4838 1167 4912 inspiratione
1182 4838 1326 4912 pulsatus,
1339 4839 1407 4896 fecit
1426 4839 1488 4913 ipse
1499 4840 1705 4900 sanctissimus
1725 4843 1832 4917 presul

198 4955 251 5010 per
261 4955 347 4995 arcus
357 4938 484 5009 majoros
492 4937 555 5009 jam
567 4936 691 5008 prefata
702 4935 829 4992 basiliere
839 4937 902 4994 vela
912 4938 947 4993 de
957 4935 1348 5009 fundatoquutuordecim,et
1357 4937 1392 4994 de
1403 4938 1586 5012 quadrapuio
1597 4939 1830 5013 quatuordecim,

160 5036 179 5091 5
198 5032 335 5092 similiter
349 5039 377 5092 et
392 5035 429 5092 de
444 5032 552 5090 imizilo
567 5033 800 5106 quatuordeeim.
813 5033 927 5090 Domini
939 5033 1031 5090 nostri
1043 5034 1114 5092 Jesu
1129 5032 1237 5090 Christi
1254 5033 1382 5092 famulus
1398 5036 1434 5092 ob
1449 5053 1579 5094 amorem
1595 5037 1690 5096 eidem
1705 5037 1831 5096 domina

197 5136 305 5190 nostra
316 5148 368 5206 per
378 5149 465 5189 arcus
478 5130 651 5204 presbyterii
657 5132 721 5203 jum
731 5132 815 5187 dicta
825 5131 953 5188 ecclesia
964 5132 1032 5188 fecit
1041 5132 1105 5188 vela
1114 5133 1150 5188 de
1161 5131 1357 5206 chrysoclavo,
1369 5133 1526 5192 habentem
1546 5136 1700 5194 historiam
1714 5134 1830 5193 Domini

198 5230 290 5287 nostri
304 5230 374 5286 lesu
389 5229 603 5302 Christi‚atquc
614 5227 800 5285 Nativitatem
812 5246 864 5286 seu
874 5229 1114 5303 Assumptionem
1130 5230 1262 5302 ejusdcm
1278 5230 1457 5289 intemerata
1464 5231 1829 5308 Virginisnnmeroviginti

199 5331 228 5384 et
242 5344 302 5384 sax.
315 5326 427 5384 Pariter
441 5331 470 5384 et
482 5343 533 5400 per
547 5327 627 5400 ipsos
642 5343 729 5384 arcus
744 5326 851 5383 obtulit
864 5326 928 5382 vela
943 5327 978 5384 de
993 5327 1185 5401 quadrupulo‚
1201 5327 1324 5385 diversis
1346 5328 1477 5387 historiis
1499 5333 1689 5399 circumsuta,
1705 5344 1828 5386 numero

197 5425 301 5499 viginti
327 5427 462 5498 quatuor.
479 5423 585 5480 Christi
599 5441 727 5497 namque
743 5424 951 5497 omnipotentis
964 5425 1092 5480 famulus
1108 5424 1214 5482 obtulit
1229 5443 1349 5482 sursum
1365 5428 1395 5484 in
1418 5433 1535 5501 aspectu
1560 5428 1668 5484 absidae
1697 5442 1828 5499 pannum

146 5525 181 5579 10
198 5523 429 5580 Alexandrinum
445 5522 567 5578 mirifice
582 5521 882 5578 decoratumohtulit
897 5521 985 5577 etiam
1002 5521 1030 5576 in
1047 5523 1159 5578 trabem
1177 5525 1317 5596 majorem
1334 5525 1427 5598 ipsius
1443 5523 1671 5582 basilicaevelum
1688 5525 1785 5597 majus
1793 5525 1829 5582 de

197 5620 328 5689 fundato,
345 5620 458 5677 hahens
473 5621 570 5677 trahes
583 5621 619 5676 de
634 5619 820 5693 chrysoclavo
834 5625 958 5692 septem,
976 5625 1004 5675 ot
1020 5620 1175 5693 periclysin
1202 5622 1237 5678 de
1265 5622 1391 5679 blatthin
1422 5625 1574 5694 Dyznntca.
1591 5623 1670 5678 Fecit
1688 5623 1829 5680 etiamad

200 5723 335 5775 ornatum
346 5718 439 5792 ipsius
451 5717 578 5774 basilicae
590 5719 619 5773 in
635 5719 729 5790 ipsam
745 5719 857 5773 trabam
873 5717 983 5774 velada
998 5718 1180 5791 qnadrnpulo
1197 5735 1319 5775 numero
1334 5736 1394 5790 sex,
1412 5723 1440 5774 ot
1455 5721 1490 5774 do
1506 5719 1615 5777 imizilo
1631 5719 1693 5778 vcia
1708 5739 1831 5779 numero

199 5819 335 5888 quatuor.
344 5817 409 5890 lpse
423 5833 540 5890 quoque
555 5815 684 5890 pontifex
701 5815 768 5872 fecit
778 5815 865 5888 juxta
879 5815 1056 5873 vestibulum
1073 5815 1174 5872 altaris
1189 5817 1219 5872 in
1235 5815 1367 5872 absidam
1380 5814 1445 5873 vola
1459 5818 1494 5874 de
1509 5819 1691 5894 quadrupulc
1707 5837 1829 5878 nomem

200 5913 353 5973 duodecim
365 5929 372 5972 :
384 5911 494 5973 ibidem
505 5915 541 5973 de
552 5912 679 5974 blatthin
688 5913 750 5972 vela
765 5931 887 5972 numero
898 5931 958 5972 sex.
969 5913 1149 5972 Venerabilis
1165 5929 1281 5985 quoque
1293 5912 1399 5984 presul
1410 5915 1478 5972 fecit
1487 5916 1517 5974 in
1529 5916 1733 5990 ingressuy'am
1744 5915 1827 5974 dicte
