4040 6170
125 219 205 284 esea
515 251 519 258 -
548 218 733 283 meroen
754 219 805 282 un
826 219 929 284 virts
951 175 1046 284 non.
1071 219 1185 283 conr.
1201 253 1241 266 -
1254 221 1330 284 ceo
1352 221 1405 284 111.
1701 305 1705 313 Ι
1750 225 1829 290 1210

810 465 956 538 XClllll.
984 465 1066 540 LEO
1091 463 1147 538 ltl.

624 619 706 672 anno
726 620 845 670 cnarsrr
866 607 937 680 705,
959 621 1155 672 cossramnu
1175 617 1276 670 socrus
1296 607 1328 668 e.

871 745 1085 763 ψ

232 833 309 893 008
328 834 386 892 Leo
401 833 641 903 tertius,natione
656 835 817 904 Romanus,
832 852 867 892 ex
881 839 963 910 patre
978 835 1116 910 druppio,
1133 835 1208 893 sedit
1223 837 1316 896 ednos
1330 833 1431 912 viginti
1444 853 1453 906 ;
1468 852 1585 895 menses
1608 837 1751 914 quinque,
1766 838 1830 897 dies

197 934 297 990 decern
312 937 342 988 et
356 935 478 1007 septem.
495 932 548 999 Qui
563 949 580 988 n
594 949 682 1006 parva
698 937 781 989 aetate
797 933 826 990 in
843 933 978 990 vestiario
993 933 1161 1008 patriarchii
1177 933 1323 994 enutritus
1338 938 1368 992 et
1382 935 1535 1004 educatus,
1552 949 1728 1012 omnemque
1743 936 1831 994 ecele-

196 1031 347 1089 siasticam
363 1029 548 1104 disciplinam
564 1029 756 1104 spiritualiter
769 1030 912 1100 cruditus,
923 1035 983 1087 tam
1001 1031 1030 1087 in
1046 1031 1185 1106 psalterio
1201 1049 1350 1108 quamque
1373 1031 1404 1090 in
1430 1031 1523 1092 sacris
1546 1031 1653 1090 divinis
1670 1033 1832 1108 scripturis

194 1127 318 1203 pollens,
335 1126 534 1186 subdiaconus
549 1127 643 1185 iactus
657 1128 688 1184 in
704 1127 875 1204 presbyterii
902 1128 1040 1185 honorem
1066 1133 1219 1202 provectus
1244 1133 1297 1188 est.
1321 1129 1391 1188 Erat
1413 1129 1491 1187 enim
1515 1129 1561 1186 vir
1584 1134 1694 1201 castus,
1715 1129 1832 1208 loquela

157 1227 337 1284 diacundus
351 1229 381 1282 et
392 1226 490 1284 animo
503 1231 652 1284 constans.
669 1225 722 1283 Ubi
737 1243 803 1283 vero
819 1225 986 1283 inveniebat
1000 1223 1128 1300 aliquem
1144 1227 1324 1303 precipuum
1340 1227 1518 1287 monachum
1531 1227 1575 1285 vel
1593 1245 1709 1291 servum
1733 1229 1785 1295 Dei
1801 1226 1831 1287 in

196 1323 350 1399 colloquiis
365 1324 473 1382 divinis
488 1327 516 1380 et
530 1324 745 1392 oratione,cum
761 1341 794 1382 eo
806 1323 923 1398 penitus
933 1341 1035 1386 vacare
1050 1342 1108 1382 non
1124 1325 1267 1388 cessabat.
1279 1327 1315 1382 Et
1328 1325 1411 1386 valde
1424 1324 1573 1404 nimisque
1588 1326 1692 1385 hilaris
1709 1327 1740 1386 in
1755 1328 1832 1386 elee-

195 1423 326 1499 mosynis
341 1423 495 1492 existebat,
511 1439 611 1480 veram
627 1423 715 1480 etiam
728 1427 757 1480 et
771 1423 957 1480 intirmorum
974 1439 1095 1497 prorsus
1110 1423 1257 1484 maximus
1271 1423 1415 1496 visitator,
1432 1425 1594 1498 predicans
1618 1424 1679 1483 illis
1703 1425 1831 1501 seriptu-

195 1521 295 1580 raliter
305 1522 354 1594 (c),
365 1525 399 1578 ut
413 1538 514 1578 eorum
531 1521 644 1578 animas
660 1520 699 1594 (d)
714 1521 743 1576 in
759 1520 952 1596 eleemosynis
964 1521 1150 1582 redimerent.

231 1619 308 1679 m
327 1619 382 1692 Qui
393 1617 492 1693 plures
507 1619 571 1690 eJus
585 1617 843 1692 predicationibus
858 1623 1032 1689 annuentes,
1050 1617 1192 1694 quidquid
1208 1617 1256 1676 ille
1270 1636 1322 1693 pro
1337 1617 1452 1681 Christo
1468 1622 1705 1690 commendabat,
1717 1622 1832 1681 occulte

194 1717 242 1776 die
256 1721 402 1791 noctuque
417 1715 595 1791 pauperibus
611 1716 787 1789 erogabant,
805 1715 933 1780 fructum
947 1706 1114 1774 animarum
1133 1715 1233 1776 crebro
1250 1715 1418 1792 odereosle)
1429 1717 1586 1776 salubriter
1610 1723 1676 1777 Deo.
1699 1721 1735 1778 Et
1759 1721 1831 1778 dum

195 1814 293 1872 taliter
307 1815 338 1871 in
352 1815 417 1891 ipso
431 1813 567 1870 vestiario
584 1813 727 1886 precipue
742 1815 850 1889 degens
866 1813 1077 1888 splenderet,et
1092 1815 1157 1891 ojus
1172 1813 1395 1874 solertissimam
1410 1832 1511 1876 curem
1522 1813 1584 1892 ipse
1595 1815 1750 1878 vestiarius
1761 1815 1831 1874 diri·

194 1915 285 1990 geret,
300 1912 338 1969 ab
352 1911 491 1969 omnihus
507 1909 710 1969 amentissime
725 1910 911 1988 diligebatur.
919 1913 1101 1992 Quapropter
1115 1911 1214 1974 divine
1227 1910 1419 1988 inspiratione
1429 1930 1488 1977 una
1503 1913 1832 1992 eoncordia,eedemque

155 2009 345 2069 broluntate
359 2029 377 2068 a
391 2009 505 2068 cunetis
521 2009 722 2067 sacerdotibus
742 2027 793 2066 seu
806 2007 976 2084 proceribus
1000 2011 1029 2066 et
1051 2009 1131 2068 omni
1153 2009 1240 2082 clero,
1257 2027 1371 2066 necnon
1393 2013 1422 2066 ct
1443 2011 1635 2088 optimatibus
1656 2009 1701 2069 vel
1726 2015 1831 2070 cuncto

195 2107 304 2183 populo
320 2107 521 2176 Romano,Dei
537 2109 610 2164 nutu
626 2106 656 2163 in
671 2106 761 2164 natali
773 2107 811 2180 (d)
822 2107 900 2164 beati
915 2105 1004 2184 primi
1016 2105 1154 2181 martyris
1169 2105 1310 2182 Stephani
1326 2105 1436 2170 electus
1451 2111 1505 2178 est,
1523 2111 1552 2166 et
1573 2107 1705 2182 sequenti
1729 2107 1777 2165 die
1799 2108 1830 2166 in

195 2204 343 2275 natabis),
354 2203 448 2262 ssncd
462 2203 585 2262 loannis
600 2203 725 2277 apostoli
740 2208 768 2260 et
782 2203 964 2282 evangelistes
980 2205 1015 2260 ad
1031 2203 1149 2262 laudem
1165 2208 1194 2260 ct
1212 2203 1336 2277 gloriam
1351 2203 1560 2278 omnipoteutis
1581 2205 1634 2261 Dei
1657 2205 1787 2284 pontifex
1800 2205 1832 2262 in

195 2304 263 2362 sads
277 2301 438 2376 apostolica
451 2301 605 2360 ordinatos
620 2305 672 2359 est
690 2303 759 2358 Erat
774 2301 853 2358 enim
868 2301 1132 2359 ecclesiasticarum
1150 2317 1248 2358 rerum
1264 2301 1408 2372 defensor,
1425 2304 1454 2357 et
1467 2301 1682 2362 contrariorum
1707 2299 1832 2360 tortissi-

195 2417 262 2457 mus
277 2403 468 2475 expugnator,
483 2403 513 2457 ct
526 2399 617 2457 nimis
640 2397 831 2472 mitissimus,
847 2403 876 2455 et
897 2399 993 2456 eidem
1017 2397 1152 2456 Ecclesia
1174 2398 1331 2455 benevolus
1355 2397 1514 2474 praelarus
1538 2401 1660 2470 amator,
1677 2399 1780 2457 tardus
1795 2399 1832 2456 ad
1865 2411 1870 2424 ·

138 2497 178 2556 ld
195 2497 391 2567 irascendum,
407 2499 436 2554 ct
449 2496 532 2553 velox
546 2498 583 2554 ad
599 2497 817 2566 miserandum
834 2495 907 2554 nulli
923 2495 1035 2552 malum
1050 2510 1103 2572 pro
1119 2495 1196 2552 molo
1212 2493 1348 2562 reddens,
1365 2511 1458 2570 neque
1484 2495 1645 2556 vindictam
1669 2496 1832 2562 secundum

195 2595 333 2654 meritum
345 2596 489 2660 tribuens,
506 2597 556 2653 sed
572 2595 640 2674 pius
654 2612 687 2653 eo
703 2595 870 2652 misericors
884 2611 901 2650 a
915 2599 1046 2667 tempore
1059 2593 1253 2650 ordinationis
1278 2611 1338 2650 sue
1365 2591 1503 2650 omnibus
1528 2593 1686 2670 studuitff)
1697 2593 1832 2670 justitias

195 2693 404 2767 theemtqtttte
416 2709 484 2751 vero
499 2711 600 2770 rogam
611 2695 651 2764 (la)
666 2690 742 2750 clero
757 2709 811 2750 suo
826 2692 856 2748 ln
872 2693 1052 2767 presbyterio
1067 2691 1194 2749 maxime
1211 2690 1371 2764 ampliavit.
1383 2690 1463 2750 Fecit
1477 2689 1556 2751 enim
1572 2689 1603 2746 in
1616 2689 1741 2751 nasutas
1754 2689 1833 2748 beati

196 2790 272 2847 Patri
288 2789 429 2868 principis
444 2790 646 2865 apnstolorum
662 2787 798 2847 nutritori
814 2807 868 2846 suo
891 2789 1076 2846 thuribulum
1100 2807 1221 2847 aureum
1237 2793 1304 2846 ante
1318 2787 1497 2848 vestibulum
1513 2786 1626 2857 alteris,
1641 2806 1725 2865 pens.
1742 2787 1833 2848 libras

194 2888 295 2946 decem
311 2893 339 2946 et
354 2887 547 2962 septem.lmo
562 2891 591 2945 ct
604 2885 834 2957 inconfessione
844 2887 977 2960 ejusdem
990 2885 1115 2962 apostoli
1130 2903 1218 2962 rugas
1228 2904 1262 2944 ex
1272 2903 1343 2943 auro
1353 2885 1514 2960 purissImo
1527 2903 1595 2950 cum
1606 2885 1732 2961 gemmis
1742 2885 1834 2946 diver·

138 2985 177 3044 te
193 2985 248 3056 sis,
261 3003 385 3060 pensan.
401 2985 492 3043 libras
501 2985 696 3060 quadraginta
710 2988 740 3042 et
754 2999 868 3041 novem.
877 2985 949 3041 ltem
965 3000 1087 3040 coronas
1103 2985 1228 3060 majores
1239 2993 1391 3060 argenteas
1403 2987 1472 3051 tres,
1479 2999 1604 3060 pensan.
1613 2983 1705 3047 libras
1719 2987 1834 3047 trecen·

193 3087 240 3141 tns
255 3089 283 3142 et
297 3089 422 3158 septem
437 3083 646 3140 verumetiam
661 3087 690 3140 et
700 3081 828 3140 cortinas
843 3081 925 3139 albas
940 3079 1118 3138 holosericae
1133 3086 1247 3138 rosetus
1262 3079 1404 3138 habentes
1415 3081 1445 3138 in
1460 3081 1557 3139 medio
1573 3097 1689 3144 crucem
1705 3082 1741 3144 de
1753 3082 1835 3156 cbry·

196 3181 314 3240 sociabo
329 3181 372 3256 (cl,
388 3181 583 3256 ctpericlysin
599 3181 636 3238 de
651 3181 771 3238 lundeto
787 3197 888 3237 unam.

230 3281 309 3338 000
324 3279 486 3338 badanero
496 3283 573 3336 tecta
588 3278 715 3336 basilice
729 3277 808 3336 beati
824 3277 899 3334 Petri
917 3277 1051 3352 apostoli,
1063 3276 1091 3334 id
1108 3280 1152 3334 est
1169 3293 1271 3334 navem
1287 3278 1441 3350 maiorem,
1451 3277 1502 3336 sed
1518 3281 1546 3334 et
1562 3275 1650 3338 aliam
1665 3294 1768 3342 navem
1783 3295 1832 3336 su·

193 3395 247 3453 per
260 3377 352 3436 altare
366 3393 432 3434 eum
444 3375 665 3451 quadriporticu
681 3375 770 3434 simul
783 3380 811 3432 et
825 3376 1037 3449 declamatque
1048 3379 1114 3432 ente
1126 3373 1202 3432 iores
1215 3375 1493 3452 argenteas.Verum
1506 3375 1594 3433 etiam
1603 3380 1633 3433 et
1642 3379 1752 3438 turrem
1764 3394 1832 3450 cum

193 3473 391 3534 camerissuls
406 3475 444 3532 ab
459 3473 519 3532 imo
534 3491 627 3548 usque
642 3474 680 3532 ad
696 3473 965 3542 summum,omnia
980 3471 1011 3528 lo
1027 3472 1165 3530 omnibus
1180 3471 1292 3529 noviter
1307 3473 1661 3534 restauravitl’resertim
1673 3473 1832 3550 imaginem

191 3573 351 3632 Salvatoris
366 3589 434 3630 cum
450 3571 571 3646 reliquis
587 3571 666 3627 mirae
680 3569 909 3645 pulchritudinis
925 3569 1071 3643 depictam
1090 3571 1126 3626 ad
1151 3571 1287 3627 decorem
1303 3571 1509 3648 suprascripto
1522 3569 1659 3631 Ecclesiae
1669 3570 1699 3632 in
1716 3572 1833 3652 lastigie

154 3673 245 3730 5sub
260 3689 330 3729 aren
346 3669 451 3745 majori
465 3671 574 3745 posuit.
590 3669 654 3727 Pari
671 3669 756 3727 modo
772 3673 802 3726 et
813 3668 845 3726 in
859 3667 981 3726 basilica
994 3667 1072 3726 beati
1083 3667 1162 3726 Pauli
1175 3668 1309 3756 apostoli,
1326 3671 1414 3747 atque
1428 3668 1458 3726 in
1474 3669 1598 3727 basilica
1610 3667 1768 3728 salvatoris
1784 3669 1832 3727 in·

194 3775 257 3828 star
268 3771 302 3844 (ll
316 3769 462 3844 imagines
476 3769 544 3826 iecit
558 3771 588 3825 et
602 3767 855 3825 conmitultEarta
870 3772 946 3824 tecte
961 3784 1027 3824 vero
1043 3766 1121 3822 tituli
1136 3767 1228 3836 hecto
1244 3767 1484 3841 demissisque
1499 3767 1635 3846 apriscis
1650 3769 1833 3846 temporibus

193 3885 248 3943 per
259 3868 405 3926 incuriam
419 3871 615 3934 marcuerant,
631 3869 660 3922 et
676 3882 748 3938 pene
762 3883 867 3923 casura
881 3868 974 3933 erant,
989 3881 1044 3921 sec
1059 3864 1136 3921 almo
1148 3863 1244 3920 studio
1258 3863 1371 3923 noviter
1384 3864 1568 3922 restauravit.

230 3965 303 4025 801
324 3963 467 4024 Similiter
481 3969 509 4022 et
523 3962 644 4021 titulum
659 3968 765 4021 sancta
776 3962 889 4021 Sabine
905 3963 1036 4020 studiose
1051 3961 1207 4019 renovavit.
1225 3961 1257 4018 ln
1274 3979 1333 4036 quo
1356 3979 1423 4024 vero
1446 3959 1555 4036 templo
1580 3961 1674 4022 isdem
1697 3963 1833 4042 egregius

193 4063 302 4139 presul
316 4063 386 4120 iacit
399 4079 434 4120 ex
446 4066 566 4137 argento
581 4075 703 4118 coronas
714 4061 855 4134 quinque,
868 4077 987 4134 pensan.
1000 4059 1091 4117 libras
1104 4059 1342 4132 quatuordecim,
1359 4059 1488 4116 canistra
1512 4059 1581 4132 duo,
1602 4075 1725 4134 pensan.
1741 4058 1832 4122 libras

192 4165 253 4219 tres
269 4165 297 4219 et
311 4161 420 4229 semls;
435 4160 579 4234 gabathas
593 4159 824 4230 interrasilesdc)
838 4173 951 4228 novem,
969 4173 1092 4232 pensan.
1110 4156 1200 4214 libras
1215 4157 1362 4214 undecim.
1379 4156 1458 4214 Fecit
1481 4160 1579 4214 autem
1604 4161 1633 4215 et
1654 4157 1684 4214 in
1710 4155 1833 4218 basilice

194 4259 284 4317 beate
295 4258 346 4317 Dei
361 4258 525 4327 (iambicis,
537 4273 600 4330 quae
616 4255 780 4331 appellatur
794 4257 829 4313 ad
845 4261 990 4329 Prusepe;
1007 4254 1161 4329 cyborium
1176 4271 1210 4312 ex
1225 4258 1344 4328 argento
1358 4253 1614 4328 purissime,quod
1624 4259 1729 4336 pensat
1740 4253 1831 4314 libras

155 4357 176 4414 5
194 4355 344 4414 moeniae
359 4359 388 4412 et
401 4355 554 4424 undeclm3
571 4352 659 4411 simul
675 4357 703 4410 et
718 4369 806 4436 rugas
821 4357 975 4428 argenteas
990 4353 1019 4408 in
1044 4351 1180 4428 ingressu
1199 4349 1383 4430 presbyterii,
1399 4368 1522 4428 pensan.
1534 4351 1626 4417 libres
1650 4353 1831 4440 octuaginta,

193 4457 281 4528 etque
296 4452 439 4512 cortinam
462 4453 604 4525 malorem
628 4450 752 4508 sericam
776 4450 884 4520 albam,
899 4449 1055 4507 habentem
1080 4448 1247 4524 periclysin,
1264 4455 1294 4512 et
1318 4466 1436 4508 crucem
1458 4449 1494 4508 de
1517 4449 1648 4509 fundato.
1673 4449 1735 4510 lmo
1754 4455 1784 4507 et
1799 4451 1829 4508 in

193 4549 392 4610 saeratissimo
412 4549 497 4608 altari
519 4549 625 4622 auximi
645 4548 715 4606 tecit
738 4551 848 4606 vestem
871 4547 907 4605 de
931 4548 1131 4622 chrysoclaho,
1146 4547 1303 4605 habentem
1329 4545 1484 4608 historiam
1500 4547 1670 4620 nativitatis,
1686 4552 1716 4605 et
1736 4549 1831 4606 saneti

191 4647 394 4718 Simeonisfet
409 4647 439 4704 in
454 4645 551 4704 medlo
567 4645 765 4704 oberitismoo.
782 4645 878 4703 Simul
894 4645 982 4702 etiam
998 4649 1027 4703 et
1042 4645 1071 4702 in
1086 4662 1202 4705 camera
1216 4645 1348 4718 ejusdem
1359 4643 1505 4713 Ecclesia,
1520 4641 1587 4708 etin
1598 4645 1830 4724 quadriporticu,

194 4762 306 4803 necnon
321 4749 349 4802 et
366 4761 489 4802 coronas
500 4747 651 4821 argenteas
664 4739 906 4817 tres,pens.inibi
920 4743 1011 4800 libras
1025 4746 1143 4801 centum
1160 4741 1356 4820 quadraginta
1370 4742 1499 4820 quinque
1515 4741 1547 4820 (l)
1559 4743 1589 4800 et
1603 4742 1706 4806 uncias
1716 4761 1830 4807 novem.

136 4843 179 4904 lb
195 4843 309 4902 lateres
323 4845 352 4901 et
365 4842 396 4900 in
409 4841 530 4900 basilica
545 4841 623 4899 beati
644 4841 750 4898 Christi
768 4833 913 4915 'martyris
938 4840 1098 4907 Laurentii,
1114 4839 1172 4897 sita
1197 4841 1267 4897 loris
1291 4857 1402 4910 muros,
1420 4838 1487 4897 lecit
1508 4839 1654 4920 imagines
1678 4846 1832 4920 argenteas

193 4945 253 5000 tres
269 4959 276 4998 :
292 4939 460 5010 salvatoris,
475 4940 553 4997 beatl
569 4937 644 4996 Petri
659 4938 794 5013 apostoli,
807 4942 835 4995 et
850 4937 944 4996 sancti
957 4937 1114 5008 Laurentii,
1130 4955 1251 5012 pensan.
1268 4936 1356 5002 simul
1373 4936 1464 4996 libras
1479 4937 1693 5018 quinquaginta
1708 4943 1833 5018 quatuor

193 5043 223 5096 et
236 5038 347 5096 semis:
365 5042 394 5096 et
406 5037 438 5095 in
453 5054 535 5096 sacro
550 5035 635 5095 altari
649 5037 761 5093 vestem
776 5036 900 5092 sericam
916 5034 1147 5110 chrysoclabarn,
1160 5036 1317 5094 habentem
1330 5036 1488 5098 historiam
1501 5035 1662 5100 'Damione
1684 5037 1832 5111 passionis

192 5139 222 5193 st
235 5125 467 5194 resurrectionis.
483 5135 616 5207 Eamque
631 5133 780 5191 renovavit
794 5137 874 5190 sarta
888 5137 965 5189 tecta
977 5132 1055 5189 besti
1079 5131 1182 5192 Eellcis
1210 5137 1239 5190 et
1252 5133 1375 5198 Audaeti
1404 5137 1578 5214 martyram,
1587 5136 1673 5212 Juxta
1697 5139 1831 5196 sanctum

194 5223 318 5282 Paulum
332 5223 509 5298 apostolum,
525 5223 576 5280 sed
591 5228 620 5280 et
632 5223 664 5279 in
678 5221 831 5280 basilicam
856 5221 952 5280 saneti
980 5221 1102 5290 Menas,
1119 5225 1206 5296 atque
1230 5221 1308 5279 tituli
1330 5221 1410 5280 beati
1430 5221 1537 5282 Vitalls
1559 5222 1667 5282 Christi
1682 5221 1830 5315 martyris,

133 5322 177 5381 ae
193 5337 306 5380 nmen
321 5324 351 5379 et
365 5321 564 5380 coemeterium
577 5320 656 5378 boatl
665 5320 750 5392 Eixti,
765 5317 992 5393 atqnecornelii
1005 5319 1053 5376 vla
1067 5319 1172 5395 Appia.
1188 5319 1342 5394 Simulque
1357 5323 1386 5379 et
1400 5319 1601 5379 cometarium
1615 5319 1708 5378 sancti
1730 5317 1830 5390 Zotici,

191 5417 240 5476 sla
252 5419 406 5478 cauma

715 5522 836 5571 NOEUEE
857 5521 1047 5570 {Altinates
1069 5523 1230 5571 saccom.

153 5605 197 5692 (ol
223 5605 403 5680 Scripturas.
433 5605 473 5679 (d)
487 5609 521 5662 nt
535 5619 669 5678 procura
682 5619 847 5678 pauperum
858 5603 974 5689 animas
983 5606 1133 5690 §iffi-‚lbi
1150 5607 1209 5690 At.
1223 5605 1387 5664 odorantes.
1400 5597 1451 5676 ’(ὀ)
1466 5599 1608 5690 natabile.
1645 5601 1671 5674 e)
1684 5600 1828 5686 natalitio.

115 5677 155 5764 (t)
170 5693 252 5761 Este
267 5681 323 5746 tti-
347 5677 391 5761 la)
404 5677 507 5760 Bergk
521 5693 589 5741 m.
604 5677 669 5760 796„
698 5677 740 5747 (lt)
754 5692 835 5760 rona,
851 5676 884 5760 ui
893 5678 1150 5751 namucensium.
1175 5681 1213 5747 (a)
1225 5676 1421 5752 etarysoetuo.
1447 5675 1484 5748 θ)
1497 5677 1602 5744 instar,
1659 5681 1702 5733 ert
1719 5671 1831 5732 similes

116 5763 277 5823 imagines.
293 5747 533 5822 <t)1ntersatrles.
560 5747 592 5821 (l)
608 5751 823 5822 quinquaginta
837 5764 977 5821 qumque.
