4072 6170
107 188 176 270 -Sdf
531 196 713 262 HISTORIA
733 199 785 262 titt
806 196 908 263 Viris
931 195 1027 263 noh.
1049 195 1167 262 ΡΟΝΤ.
1183 233 1222 246 -
1235 191 1418 265 vtolmos
1771 193 1832 271 000

115 345 242 396 versum
256 331 404 406 essejam
420 347 510 405 snpra
523 331 681 404 probatum
697 332 839 390 est.lstud
850 340 949 388 autem
965 338 991 406 Α
1006 329 1110 399 noluit,
1127 329 1278 404 depositus
1292 335 1347 401 est,
1358 336 1386 388 et
1400 332 1429 388 in
1443 333 1507 406 ejus
1522 332 1619 393 lconm
1634 334 1832 411 apollinarius

115 407 290 468 eircadiem
303 403 417 462 ratuni
428 402 554 460 annibfrf
567 419 729 476 appensum
745 421 809 460 esse
823 405 951 460 ostendit
1007 404 1197 470 substitutus,
1214 407 1242 458 et
1261 403 1379 474 quidem
1402 410 1469 460 ante
1485 424 1616 465 mensem
1631 410 1667 466 Se
1689 411 1831 466 tembrem

115 478 284 538 cardinalis
299 477 431 533 Norisius
446 475 583 557 laudatus
599 491 663 556 cap3
678 477 705 530 5.
1006 475 1137 546 ejusdem
1154 474 1222 530 anni
1237 476 1300 541 551,
1318 475 1394 530 utin
1414 477 1514 534 eadem
1539 480 1639 537 critica
1662 427 1778 538 tiamne
1793 482 1833 538 le·

153 561 187 610 tn
196 547 550 606 hocedictofustinranus
560 545 689 602 ecclesus
704 546 843 618 dogmata
851 557 952 602 contra
1006 562 1074 620 gere
1089 551 1143 601 est.
1803 552 1807 558 ’

112 619 422 690 Arium,Nestorium,
435 623 522 690 atquc
532 616 720 690 Eutycbetem
735 617 953 689 statuit‚rccipit
1042 622 1075 672 ht
1086 617 1258 672 Theodorus
1272 617 1427 688 Cappadox
1441 623 1543 674 auctor
1557 621 1655 688 edicti,
1669 622 1835 680 Graecorum

114 697 253 766 quatuor
268 690 395 764 synodos
411 689 616 756 oecumcnioas,
633 693 733 761 postea
747 706 850 745 norem
867 705 953 744 cano·
1006 693 1153 744 catervam
1178 704 1279 742 secum
1303 688 1433 756 trahens,
1448 689 1484 745 ad
1501 691 1652 747 eeclesiam
1667 693 1695 748 in
1712 712 1770 766 qua
1783 712 1835 751 su-

112 781 172 822 nes
188 763 299 820 statuit
313 767 416 818 contra
429 759 627 826 Nestorianos,
642 765 729 832 atque
744 760 951 832 Eutychianos,
1007 775 1115 832 spensa
1129 765 1212 815 erant
1227 759 1332 826 edicta,
1344 776 1375 815 se
1386 759 1520 828 contulit,
1534 777 1567 816 ac
1578 771 1763 821 sacrosancta
1774 782 1836 838 my·

113 835 169 908 qui
188 835 226 890 ad
242 834 364 889 verbum
377 847 479 888 ornnes
495 831 553 886 fere
566 832 719 903 approbati
735 839 805 886 sunt
816 833 953 913 asynodo
1008 831 1098 886 steria
1113 830 1278 886 celebravit.
1295 830 1483 888 fustinianus
1498 833 1681 906 indignatus,
1696 834 1836 908 vigilium

112 906 237 979 quinta.
251 906 354 960 Postea
369 903 448 959 buno
460 917 601 957 canonem
615 902 698 974 ponit
713 918 719 957 :
737 925 750 951 ιι
769 903 798 957 Si
814 919 880 974 quis
896 920 953 959 non
1008 900 1277 958 nonsolumedictis
1287 902 1837 974 imperatorisadvcrsnri,verumetiarn

114 974 357 1034 anathematizat
381 974 495 1041 Arium,
524 973 700 1030 bonomium
738 973 953 1040 Macedonium,
1008 979 1037 1029 et
1051 971 1145 1028 eidem
1161 973 1409 1054 obtemperantes,
1426 975 1462 1030 ab
1479 973 1528 1030 illo
1544 974 1743 1031 ecclesiastiea
1758 993 1837 1032 com-

111 1045 351 1122 Apollinarium,
367 1044 546 1110 Nestorium,
562 1049 591 1099 et
613 1016 772 1126 Eutychen,
788 1049 818 1100 at
841 1061 953 1114 omncs,
1009 1044 1148 1099 munione
1161 1044 1278 1115 privari,
1290 1061 1357 1100 eum
1369 1045 1509 1102 custodiae
1521 1045 1596 1101 tradi
1606 1047 1709 1118 jussit,
1720 1047 1770 1119 qui
1782 1047 1837 1103 sibi

113 1120 170 1191 qui
188 1117 305 1175 similia
320 1117 362 1172 eis
378 1114 600 1188 sapuerunt,vel
613 1119 742 1187 sapiunt,
755 1115 823 1172 talis
839 1116 956 1171 anatha²
1008 1115 1128 1178 timens,
1144 1131 1202 1170 una
1226 1131 1293 1170 cum
1317 1115 1401 1171 Dntio
1426 1115 1635 1173 Mediolanensi
1657 1117 1793 1200 episcopo
1807 1119 1852 1172 in·

111 1207 169 1246 ma
187 1191 241 1246 sit.
261 1211 275 1240 a
291 1190 352 1254 Quo
367 1186 398 1242 in
414 1201 524 1242 canone
538 1202 605 1240 cum
627 1186 760 1259 Origenis
777 1203 881 1242 nomen
897 1205 955 1243 non
1008 1185 1162 1243 aeclesiam
1186 1186 1285 1242 Sancti
1312 1186 1385 1242 Petri
1411 1186 1441 1241 in
1458 1188 1614 1244 ilormisda
1629 1205 1660 1244 se
1675 1195 1793 1271 recepit,
1807 1193 1840 1244 ut

113 1261 256 1344 legatur,
272 1258 381 1332 optime
396 1257 508 1330 colligit
529 1257 672 1313 Beronius
696 1257 782 1313 edicti
806 1264 956 1314 auctorem
1011 1273 1067 1312 non
1078 1256 1173 1312 solum
1186 1257 1281 1312 clerus
1293 1257 1391 1326 ltaliae,
1404 1259 1455 1314 sed
1470 1259 1593 1331 ipsemet
1608 1260 1698 1316 etiam
1713 1259 1839 1334 Vigilius

113 1333 221 1388 fuisse
236 1330 424 1387 Theodorum
440 1329 640 1400 Cappadocem
656 1327 887 1402 origenistarum
903 1330 956 1385 du·
1010 1328 1040 1383 in
1051 1327 1169 1384 laudata
1179 1328 1324 1401 encyclica
1339 1334 1457 1385 narrat:
1476 1353 1490 1381 ιι
1500 1332 1571 1385 Cam
1588 1331 1617 1386 in
1633 1332 1735 1387 eadem
1750 1329 1840 1388 ecole-

109 1399 957 1526 cem.GumqueineodemquoqueAcesshalorumbarresis
1011 1398 1066 1469 sia,
1082 1399 1188 1470 inquit,
1204 1417 1221 1454 a
1237 1400 1376 1455 comitatu
1402 1401 1533 1473 pretoria
1557 1417 1624 1457 cum
1649 1401 1839 1468 multitudine

132 1473 266 1529 iuribus
281 1472 491 1546 proscribatur,
505 1485 555 1526 ear
576 1469 662 1526 inalis
701 1471 958 1527 orisiusrectede·
1010 1474 1191 1526 armatorum
1208 1469 1337 1526 militam
1359 1471 1502 1539 veniente,
1519 1477 1659 1545 tanquam
1675 1475 1712 1528 ad
1728 1472 1838 1529 bellurn

108 1489 208 1602 ducit
218 1543 358 1600 eumdem
368 1541 554 1598 Theodorum
564 1559 623 1598 non
634 1541 724 1597 fuisse
734 1542 958 1615 Acepbalum,in
1011 1541 1157 1597 instructa
1171 1541 1242 1607 acie,
1258 1559 1277 1596 a
1290 1547 1391 1598 sancto
1406 1543 1470 1614 ejus
1493 1541 1584 1599 altare
1607 1543 1694 1599 tracti
1715 1544 1839 1616 pedibus

111 1631 184 1689 qua
203 1619 288 1671 secta
302 1629 369 1670 eum
381 1613 472 1668 fuisse
491 1612 581 1668 tradit
600 1613 753 1669 Liberatus
767 1614 798 1668 in
813 1613 958 1670 Breviorio
1011 1612 1206 1678 traheremur,
1218 1619 1246 1668 et
1261 1629 1350 1684 super
1364 1629 1416 1669 nos
1432 1613 1520 1669 etiam
1537 1613 1602 1686 ipsa
1616 1613 1717 1670 altaris
1735 1631 1839 1671 mensa

111 1703 188 1770 cap.
202 1688 253 1742 et.
266 1687 366 1741 Postea
375 1683 560 1740 festinianus
570 1685 677 1740 transit
691 1684 727 1739 ad
742 1685 799 1741 tria
813 1684 956 1810 Gaffitula,
974 1705 997 1771 B
1012 1684 1166 1748 occiderat,
1183 1682 1240 1738 nisi
1256 1682 1428 1739 clericorum
1445 1689 1613 1741 nostrorum
1637 1686 1733 1742 'uisset
1743 1685 1839 1742 mani·

133 1758 239 1813 uibus
255 1757 311 1812 sub
326 1771 412 1828 paena
426 1754 622 1810 anathematis
645 1755 802 1823 damnatis,
819 1755 849 1811 di
873 1772 957 1812 usam
1010 1755 1066 1811 bus
1076 1757 1269 1810 sustentata.»
1280 1755 1496 1812 fbidemautem
1505 1756 1622 1812 eamrio
1637 1757 1746 1812 entiam
1757 1773 1838 1821 men·

109 1773 361 1900 disputationem
376 1825 430 1881 init
440 1830 541 1882 contra
549 1825 640 1882 trium
651 1826 851 1901 Capitulorum
862 1827 959 1882 defen·
1010 1842 1042 1882 se
1056 1829 1187 1898 Augusto
1203 1824 1258 1880 sibi
1275 1826 1381 1882 factam
1396 1827 1533 1882 affirmat.

109 1915 220 1968 sores,
237 1897 425 1969 ostenditque
439 1896 599 1964 hereticos,
616 1897 659 1953 vel
673 1897 958 1964 schismaticos,licet
1047 1897 1141 1964 Quare
1154 1895 1279 1968 Vigilins
1296 1913 1353 1952 non
1365 1898 1428 1966 ,jam
1445 1898 1583 1962 fomenta,
1595 1899 1645 1954 sed
1660 1898 1769 1954 ferrum
1785 1899 1839 1954 ad·

113 1971 286 2028 defunctos
301 1983 386 2041 posse
400 1967 543 2024 damnari.
1012 1967 1317 2034 movendumratus,in
1326 1967 1839 2041 Italorumepiscoporumcongressu

152 2042 255 2098 Porro
266 2039 428 2112 Aoephalos
442 2039 536 2095 dictos
551 2037 642 2094 fuisse
657 2037 723 2095 illos
742 2038 893 2096 haereticos
908 2038 959 2111 qui
1013 2037 1148 2110 pluribus
1160 2038 1303 2094 Theodori
1319 2039 1448 2111 episcopi
1462 2039 1693 2095 Caesareensisin
1707 2039 1841 2112 apostoli-

113 2129 226 2187 nequa
239 2109 865 2183 sanctnmCyrillumAlexandrinum,neque
875 2112 961 2167 Joan·
1012 2126 1078 2164 cam
1091 2110 1190 2165 sedem
1199 2109 1316 2180 inJ'uriis
1327 2109 1489 2176 recensitis,
1501 2127 1575 2182 quas
1586 2116 1616 2166 et
1626 2110 1734 2183 scripto
1745 2112 1841 2166 consi·

116 2201 197 2241 nem
213 2180 432 2239 Antiochenam
447 2185 497 2236 aut
511 2180 674 2236 Orientales
690 2181 842 2264 episcopos
857 2198 959 2254 seque·
1014 2181 1122 2253 gnavit,
1143 2180 1218 2234 hano
1233 2185 1335 2236 contra
1349 2181 1484 2236 eumdem
1501 2181 1677 2237 sententiam
1693 2181 1816 2254 protulit
1832 2198 1839 2238 r

115 2257 252 2322 bantur,
265 2257 368 2309 auctor
378 2259 422 2308 est
432 2252 585 2308 Liberatus
596 2251 626 2306 in
638 2251 781 2308 Brevrario
796 2269 859 2324 csp.
871 2255 898 2318 s,
911 2251 961 2308 ubi
1016 2273 1031 2302 ιι
1046 2251 1231 2306 Theodorum
1247 2251 1382 2306 Caesareos
1404 2253 1591 2324 Cappadocia
1606 2252 1732 2309 civitatis
1747 2269 1842 2325 quon-

117 2326 259 2400 loquens
269 2326 305 2379 de
320 2323 488 2379 defensione
496 2322 686 2378 Orientalium
699 2322 900 2394 episcoporum
910 2341 961 2394 pro
1015 2322 1082 2376 dam
1098 2321 1267 2448 episcopum
1277 2323 1426 2378 sententiae
1436 2323 1740 2396 proniulgationetam
1750 2341 1843 2381 sacer-

113 2398 251 2454 duabus
279 2394 393 2450 naturis
421 2393 561 2450 Christis
579 2393 683 2468 Cyrillo
708 2395 879 2466 composita,
896 2395 960 2450 ait:
1015 2393 1103 2448 dotali
1141 2410 1239 2460 onore,
1256 2399 1284 2448 et
1308 2395 1513 2450 communione
1532 2395 1686 2461 catholica,
1702 2395 1746 2451 vel
1762 2395 1842 2453 omni

118 2473 250 2537 «Quam
258 2465 426 2539 quicunque
435 2470 505 2522 tunc
516 2465 638 2520 minime
648 2465 962 2536 receperunt,hosesse
1016 2464 1112 2546 officia
1130 2463 1299 2537 episcopali,
1315 2481 1367 2520 seu
1384 2470 1525 2537 potestate
1540 2465 1698 2538 spoliatum
1713 2481 1778 2523 esse
1793 2468 1842 2524 de·

115 2545 202 2668 Kato
225 2543 361 2593 auctores
387 2535 611 2608 acephalorum,
629 2535 679 2607 qui
704 2553 799 2607 neque
823 2536 961 2609 cyrillum
1016 2535 1844 2610 cernimusnMennomveroConstantinopolitanumpa·
1916 2575 1919 2585 ·
2030 2509 2031 2562 f

140 2611 241 2668 abent
251 2611 349 2680 capnt,
361 2621 467 2690 neque,
479 2623 567 2679 quern
583 2610 753 2679 sequantur,
765 2607 933 2664 ostendunt.
948 2629 961 2656 a
1016 2601 1221 2672 triarcham,nc
1230 2607 1719 2680 consentientesepiscoposasacra
1728 2613 1843 2665 tantum

118 2681 382 2739 Leontiustamen
393 2677 445 2734 hb.
456 2679 492 2734 de
502 2677 595 2734 Sectis
607 2678 722 2732 nonnisi
733 2678 962 2750 postconcilium
1017 2676 1223 2733 communione
1239 2677 1401 2749 suspendit.
1416 2679 1479 2734 ltcec
1495 2678 1640 2735 sententia
1655 2680 1719 2735 dato
1732 2697 1779 2735 xix
1790 2683 1845 2736 Ka·

119 2751 370 2810 chalcedonense
388 2747 547 2821 acephalos
571 2747 722 2804 hereticos
746 2749 892 2804 nominari
906 2766 962 2805 coe·
1017 2747 1110 2806 tendas
1132 2749 1265 2819 Septemb.
1297 2750 1447 2820 imperante
1472 2749 1583 2808 domino
1611 2751 1772 2806 fortiniane
1786 2753 1842 2806 PP.

141 2824 210 2880 isse
221 2821 336 2878 scribit.
352 2820 408 2876 Sed
418 2820 495 2876 inter
505 2823 662 2892 utrumque
677 2823 826 2876 auctorem
841 2837 962 2876 oonoor-
1015 2822 1137 2886 aspirato
1152 2834 1224 2874 onoc
1239 2835 1303 2885 xxv,
1321 2827 1380 2890 poet
1400 2821 1573 2876 consulatum
1601 2821 1702 2876 Brettii
1726 2833 1798 2876 enac
1813 2839 1841 2888 x,

118 2841 213 2951 giam
227 2891 298 2948 iniri
314 2907 399 2964 posse
412 2890 475 2946 vult
485 2889 681 2947 Carnariusin
693 2891 820 2948 Historia
834 2891 964 2948 Theodo-
1017 2889 1141 2960 ideoque
1151 2890 1197 2945 die
1207 2906 1254 2944 xiv
1264 2891 1374 2945 mensis
1385 2891 1508 2963 Augusti
1520 2891 1589 2946 anni
1598 2893 1734 2947 551llam
1744 2897 1842 2948 tamon

121 2965 186 3023 reti
205 2980 272 3036 cap.
285 2964 314 3032 6,
331 2962 408 3034 apud
425 2978 512 3034 quern
528 2960 583 3034 legi
599 2965 704 3033 potest.
1017 2959 1192 3016 sententiam
1208 2960 1328 3016 minime
1344 2961 1550 3033 publicandam
1566 2963 1649 3018 duxit
1662 2961 1845 3035 Vigilius,ve-

162 3035 226 3092 Sed
238 3033 319 3089 utad
331 3032 531 3105 triaCapitula
545 3033 672 3100 redeam,
685 3031 733 3087 ubi
748 3031 847 3104 Vigilii
869 3032 963 3088 edicta
1018 3031 1092 3086 ritus
1107 3047 1143 3086 nc
1157 3031 1369 3098 fustinianum,
1386 3033 1472 3103 cujus
1489 3033 1616 3089 furorem
1629 3034 1691 3103 jam
1707 3039 1844 3106 expertus

122 3105 281 3181 principis
291 3101 804 3176 contratriaCapitulapuhliccaffixa
814 3102 962 3160 intellexe-
978 3069 999 3136 C
1018 3107 1089 3168 erat,
1099 3103 1128 3157 in
1140 3103 1251 3157 rabiem
1267 3119 1370 3158 rursus
1380 3103 1553 3186 impelleret,
1567 3105 1846 3178 Theodoropraeser-

123 3179 179 3246 rit,
189 3177 224 3232 in
237 3175 436 3231 placidianam
451 3175 583 3244 domum,
594 3181 658 3231 tum
670 3173 798 3240 Latinos,
809 3179 873 3229 tum
889 3175 963 3231 Grae·
1017 3173 1069 3229 tim
1085 3173 1184 3229 omnia
1197 3190 1232 3229 er
1246 3173 1366 3229 arbitrio
1381 3175 1515 3231 faciente.

124 3266 183 3306 cos
194 3246 296 3320 episco
320 3263 352 3301 os
367 3245 463 3302 venire
473 3247 575 3318 jussos
589 3245 670 3302 bisce
686 3246 856 3302 admonuit:
870 3247 962 3312 «Qui-
1052 3245 1153 3300 Exstat
1166 3244 1279 3300 tomoV
1294 3244 1489 3302 Consiliorum
1505 3244 1628 3318 epistola
1642 3246 1790 3320 encyclica
1798 3246 1845 3302 Vi·

124 3333 286 3392 cunquee
309 3316 455 3373 ictisistis
477 3331 653 3372 consensum
678 3317 805 3390 prebere
828 3317 962 3385 voluerit,
1015 3314 1088 3388 gilii,
1105 3315 1179 3371 alias
1195 3313 1307 3383 mutila,
1325 3333 1402 3372 nnnc
1432 3317 1556 3390 integra,
1580 3317 1609 3373 in
1635 3333 1694 3390 qua
1723 3333 1844 3374 suarum

115 3391 202 3448 aciat
217 3405 252 3446 se
265 3388 302 3444 ab
317 3386 483 3461 apostolice
502 3386 581 3444 sedis
601 3388 809 3444 communione
833 3405 960 3460 suspen·
1016 3385 1328 3442 calamitatumseriem
1341 3388 1470 3459 pontifex
1480 3388 1606 3459 exponit.
1615 3389 1687 3443 Cum
1696 3390 1774 3461 apud
1785 3390 1844 3444 divi

118 3475 229 3520 snm.»
246 3459 290 3515 lta
304 3458 400 3515 clerus
416 3459 514 3514 ltaliae.
525 3458 783 3531 lpsemetVigilius
794 3459 824 3514 in
840 3459 963 3531 epistola
1016 3457 1128 3513 Petriin
1140 3457 1294 3513 Hormisda
1305 3463 1477 3525 moraretur,
1487 3458 1678 3515 belisariuset
1689 3460 1843 3533 Cethegus,

118 3529 292 3606 encyclica,
309 3545 399 3602 quam
415 3547 491 3586 anno
512 3532 566 3586 552
581 3529 708 3602 scripsit,
723 3534 850 3585 testatur
862 3547 893 3586 se
908 3531 963 3587 boc
1015 3532 1044 3584 et
1059 3529 1161 3584 Petras
1177 3529 1358 3595 exconsules,
1372 3530 1493 3602 ipseque
1507 3529 1644 3586 lustinus
1659 3531 1845 3604 imperatoris

117 3605 235 3662 codem
252 3616 329 3658 anno
344 3603 394 3657 551
411 3616 509 3658 coram
531 3600 654 3656 diversis
693 3599 961 3673 rovinoiarumepi-
1016 3615 1188 3672 nepos,oam
1200 3599 1843 3674 marcellinoquaestoreadvigilinmvenere,

119 3674 240 3803 tter
254 3618 962 3814 ttihffltttttt'ttttttfttttttttttt
1015 3671 1610 3800 tttttttttttttttttttttttt
1626 3674 1844 3800 tittttttd

121 3830 214 3874 mum
227 3760 403 3888 grinoipein,
415 3817 448 3869 ut
457 3813 552 3870 edicta
563 3829 699 3885 suaque
710 3759 846 3886 precipit
856 3829 962 3886 appan·
1015 3812 1071 3868 Sed
1084 3829 1151 3868 cum
1164 3813 1273 3868 ibidem
1289 3830 1320 3870 se
1333 3817 1498 3887 recepisset,
1515 3819 1543 3871 et
1558 3762 1655 3871 fimes
1667 3820 1728 3871 tam
1743 3785 1845 3872 sancte

119 3890 165 3955 di,
181 3900 339 3942 remouere
366 3883 512 3956 dignetur,
529 3889 557 3940 et
581 3885 774 3940 constitutum
805 3901 961 3942 commune
1015 3883 1071 3938 ilde
1087 3884 1264 3956 posthabita,
1281 3884 1311 3939 in
1328 3886 1390 3941 dies
1410 3887 1514 3942 savias
1528 3903 1560 3942 se
1576 3887 1696 3943 tractari
1712 3886 1844 3942 animad-

118 3961 313 4031 axspectare,
328 3955 357 4010 id
373 3959 418 4010 est
431 3959 465 4010 ut
487 3954 675 4011 scandalizati
698 3955 827 4028 episcopi
853 3955 959 4011 Latine
1013 3959 1139 4010 verteret
1151 3971 1158 4021 ;
1170 3955 1270 4020 semol,
1283 3955 1400 4020 iterum,
1412 3972 1445 4012 ac
1455 3957 1541 4012 tertio
1554 3957 1738 4025 Bolisarium,
1751 3957 1844 4013 alios-

119 4031 164 4086 lin
214 4045 239 4082 ee
255 4026 291 4083 ad
307 4025 452 4100 synodum
468 4026 657 4092 veniant,aut
670 4032 746 4082 certe
757 4029 868 4082 remota
880 4026 960 4082 omni
1015 4040 1072 4097 que
1082 4024 1199 4095 judices
1215 4029 1395 4082 contestatus
1410 4031 1464 4096 est,
1475 4032 1507 4082 ut
1517 4029 1686 4097 jus‘urandi
1704 4028 1755 4084 reli
1778 4029 1843 4084 ione

118 4101 170 4156 vio
184 4098 270 4156 entia
285 4097 473 4169 suasscripto
488 4097 637 4152 declarent
650 4097 820 4153 sententias.
838 4099 917 4163 Quod
935 4099 959 4154 si
1014 4101 1191 4160 tenerentur,
1215 4103 1357 4168 quotenus,
1381 4097 1488 4180 inquit,
1511 4045 1603 4154 caifas
1630 4101 1735 4170 ier-quiet
1775 4101 1842 4165 trees,

119 4173 203 4229 forte
218 4183 321 4242 preces
345 4173 461 4224 nostras
490 4168 591 4224 audire
614 4167 750 4235 noluerit,
766 4167 904 4224 vosnulli
918 4167 958 4225 rei
1014 4168 1228 4234 aotnsotesttos,
1243 4169 1315 4223 sieut
1329 4169 1407 4223 notis
1416 4178 1543 4240 juratum
1553 4173 1660 4292 bearat,
1674 4178 1842 4241 pateremur.

121 4240 289 4316 prebeatis
304 4255 540 4312 assensumque
552 4239 588 4294 ad
604 4239 776 4294 divisionem
793 4239 896 4306 tendit,
907 4257 959 4296 nee
1014 4237 1127 4294 Interea
1150 4237 1334 4292 lastinianus
1359 4238 1478 4304 veritus,
1495 4255 1531 4294 ns
1579 4239 1678 4311 igilius
1705 4239 1811 4295 iterum
1828 4256 1844 4296 e

122 4317 236 4370 contra
251 4308 444 4367 constitutum
459 4309 685 4366 comminatione
707 4309 804 4382 aliqua
825 4309 958 4366 veniatis.
1017 4307 1229 4364 Placidianisin
1241 4307 1385 4380 templum
1401 4309 1579 4392 sonfugeret,
1591 4309 1681 4365 misso
1697 4309 1772 4365 clam
1791 4309 1843 4365 mi·

123 4383 212 4450 Quod
225 4381 251 4438 si
262 4381 317 4437 hoc
331 4381 463 4447 forsitan,
479 4381 558 4452 quod
573 4398 631 4436 non
647 4381 804 4448 credimus,
821 4381 957 4448 feceritis,
1015 4378 1064 4434 lite
1075 4379 1150 4434 ades
1161 4379 1262 4434 sedulo
1272 4379 1725 4452 custodiendasyussit,quodubi
1737 4380 1843 4453 Vigilio

124 4453 273 4512 noveritis
283 4470 316 4508 ex
326 4452 462 4536 praesenti
475 4451 532 4517 die,
544 4457 577 4508 ut
589 4451 823 4524 praevaricatores
837 4451 961 4524 apostoli
977 4433 1000 4499 D
1015 4450 1212 4532 significatum
1226 4450 1288 4517 fnit,
1301 4451 1390 4506 biduo
1401 4457 1468 4507 ante
1478 4451 1610 4508 Natalem
1624 4451 1735 4506 bomini
1744 4452 1842 4576 fuqam
1878 4463 1881 4470 '

126 4526 206 4583 Petri
222 4539 276 4597 per
295 4523 490 4580 ministerium
509 4521 589 4579 vocis
613 4539 683 4578 men
710 4523 810 4580 baberi
835 4539 962 4596 suspen-
1017 4521 1186 4586 meditatus,
1213 4526 1296 4578 nocto
1311 4522 1489 4595 intempesta
1503 4539 1537 4578 ex
1553 4521 1718 4580 Placidiano
1735 4523 1772 4578 Pe
1786 4525 1844 4580 atio

127 4613 191 4654 sos.
209 4616 225 4645 n
1016 4591 1178 4649 caecisvesti
1202 4592 1399 4650 iisdisocdsns
1411 4593 1621 4650 Chalcedonam
1634 4594 1842 4661 transfretavit,

166 4667 239 4722 Post
247 4663 336 4719 verba
345 4679 413 4718 mox
422 4662 541 4720 laudata
555 4662 651 4720 clerus
661 4661 750 4719 ltalia
763 4664 863 4720 addit:
881 4665 961 4720 «Sed
1016 4667 1104 4736 atque
1119 4609 1200 4736 apud
1208 4663 1246 4718 b.
1260 4665 1301 4744 Ειι
1325 4663 1427 4720 hemia
1441 4664 1622 4721 domicilium
1640 4665 1752 4721 habuit.
1767 4664 1843 4740 Vigi-

127 4742 158 4794 et
167 4733 403 4793 sanctusDatius
418 4733 643 4791 Mediolanensis
655 4735 810 4807 episcopus
821 4741 963 4791 contesta·
1016 4733 1087 4790 lium
1100 4735 1203 4790 Datius
1214 4681 1439 4792 Medroianensis
1450 4741 1569 4793 secutus
1579 4733 1689 4803 est,alii
1714 4736 1844 4793 ucetiam

128 4807 244 4864 tionem
259 4803 461 4862 omnibussub
472 4821 580 4879 magna
593 4805 800 4862 vociferatione
814 4807 960 4879 deposuit,
1016 4806 1111 4862 Latini
1123 4805 1262 4878 episcopi,
1274 4805 1351 4861 inter
1361 4823 1435 4878 quos
1447 4807 1501 4863 fuit
1510 4806 1700 4863 verecundus
1734 4806 1842 4864 irensis

129 4879 236 4934 dicens
248 4893 255 4931 ι
267 4877 403 4949 Coreego
413 4880 442 4932 et
452 4893 520 4948 pars
531 4877 664 4933 omnium
679 4878 875 4944 sacerdotum,
886 4879 963 4934 inter
1015 4877 1045 4932 in
1060 4878 1205 4949 Byzacena
1221 4876 1368 4949 provincia
1387 4878 1551 4959 episcopus,
1568 4895 1655 4952 quem
1672 4877 1761 4952 paulo
1776 4884 1844 4952 post

128 4965 207 5022 quos
218 4947 349 5004 Ecclesia
360 4963 424 5002 mea
436 4948 597 5004 constituta
607 4952 660 5015 est,
672 4947 701 5003 id
714 4948 878 5016 estGalliae,
894 4949 962 5004 Bar
1015 4947 1125 5004 ibidem
1138 4947 1309 5003 defunctum
1323 4949 1424 5004 scribit
1438 4948 1538 5004 Victor
1549 4950 1747 5007 Tununensis.
1777 5001 1781 5004 .

131 5019 261 5093 gundia,
278 5017 402 5090 Spania,
419 5018 553 5092 Liguris,
570 5018 691 5074 AEmilise
715 5023 803 5092 atquo
824 5020 961 5085 Venetia,
1051 5022 1134 5074 Anno
1147 5018 1382 5090 quingentesimo
1394 5019 1639 5093 quinquagesimo
1650 5021 1779 5078 secundo
1794 5021 1843 5076 lu·

130 5094 292 5158 contestor,
304 5089 374 5162 quia
384 5090 551 5164 quicunque
562 5090 694 5146 inedicta
705 5090 762 5147 ista
773 5091 961 5162 consenserit,
1017 5089 1162 5146 stinianus
1177 5089 1210 5144 vi
1235 5089 1274 5143 ilii
1294 5091 1499 5157 constantiam,
1516 5097 1550 5147 nt
1564 5092 1771 5164 experimentis
1786 5092 1843 5148 sihi

130 5160 623 5236 suprascriptarumprovinciarum
635 5160 787 5234 pontifices
798 5163 962 5217 communi·
1017 5162 1156 5232 satisjem
1170 5177 1221 5233 pro
1244 5165 1321 5216 atam
1333 5161 1844 5243 prospiciens,sepositisminiseum·

132 5237 248 5290 catores
272 5230 378 5288 babere
398 5249 456 5288 non
472 5233 587 5306 poterit.
604 5234 678 5299 Quia
693 5237 807 5289 constat
822 5234 899 5305 apud
917 5249 963 5289 me
1017 5233 1084 5288 dem
1099 5249 1150 5306 per
1164 5232 1275 5304 legatos
1291 5237 1424 5287 convenit
1438 5251 1444 5300 ;
1461 5232 1605 5306 legatione
1620 5240 1718 5292 autem
1735 5233 1843 5290 Belisa-

133 5304 232 5360 edicta
252 5300 304 5357 illa
324 5307 455 5360 sanctam
485 5305 629 5378 synodum
654 5303 918 5360 Chalcedonensem
935 5310 964 5360 et
1016 5303 1842 5386 rius,aliiquemoxmemoratiquintoKalendasFebruan'i

134 5375 222 5431 fldem
236 5371 412 5430 catholicam
427 5377 626 5447 perturbare.»
637 5375 754 5432 Datium
769 5375 963 5431 nibilominus
1017 5375 1161 5458 perfuncti
1176 5379 1255 5430 sunt.
1270 5373 1314 5429 llli
1329 5391 1396 5430 curn
1411 5375 1517 5447 Vigilio
1533 5383 1664 5449 egerunt,
1677 5381 1710 5431 ut
1724 5377 1843 5443 accepta

134 5443 384 5502 Mediolanensem
394 5446 574 5502 damnationi
587 5446 676 5504 trium
689 5447 883 5518 capitulorum
896 5451 963 5503 ante
1017 5450 1122 5502 iterum
1139 5444 1257 5517 publica
1272 5446 1337 5511 fide,
1353 5446 1635 5520 Constantinopolim
1650 5445 1764 5510 rediret,
1781 5443 1843 5516 qui-

136 5521 344 5588 mortemque
355 5531 432 5573 anno
445 5519 499 5574 552
509 5517 641 5588 contigit,
655 5517 865 5590 subscripsisse
874 5517 964 5574 tradit
1017 5519 1073 5572 bus
1090 5518 1216 5589 pontifex
1233 5517 1262 5572 in
1289 5516 1363 5573 hanc
1388 5519 1565 5574 sententiam
1594 5515 1743 5588 respondit
1760 5533 1766 5569 :
1784 5512 1842 5570 «Si

137 5587 236 5644 Victor
249 5587 479 5644 'fanunensisin
495 5589 648 5657 Chronico,
666 5590 743 5661 quod
768 5593 865 5644 tamen
881 5589 963 5644 valde
1017 5588 1737 5662 causaEcclesiaeordinatur,utpaccmey'ns,quam
1751 5601 1841 5640 arun-

135 5659 261 5715 dablnm
275 5671 341 5714 esse
354 5661 483 5716 ostendit
496 5665 652 5718 annotator
662 5659 787 5716 Bnronii.
799 5659 895 5716 Zoilus
906 5659 964 5733 epi-
1017 5660 1075 5716 culi
1084 5659 1385 5734 sni(idcstJustiniim
1408 5655 1841 5734 cratoris)piissimnsprinccps

113 5791 118 5802 .,
138 5736 246 5803 secede
259 5727 483 5803 Alexandrinus,
500 5733 550 5806 qui
576 5733 669 5790 edicto
693 5745 869 5790 consensum
894 5733 964 5788 darc
1017 5731 1283 5804 fecittemporibus,
1296 5677 1840 5800 etmodorestituat,egosacramentrs
