4048 6174
127 243 206 310 imi
483 247 666 316 HISTORIA
690 247 742 316 llll
762 247 864 316 Vl'l'lS
886 251 981 316 nell.
1008 251 1119 317 PON'F.
1131 287 1170 300 -
1185 251 1416 319 emperors
1436 253 1476 318 11.
1750 257 1828 320 losa

205 379 377 461 segragati,
407 381 534 444 solitam
558 383 590 454 in
618 383 751 465 periurii
778 389 902 454 matum
930 385 1067 448 luddelis
1095 383 1148 448 ille
1178 385 1332 452 Aistulius
1358 386 1638 466 longobardorum
1673 407 1725 452 rex
1755 389 1831 452 inci·
1954 370 1957 374 ⁵

206 487 296 562 dens,
326 489 414 570 qood
437 487 645 569 jurejurando
675 491 832 572 promisit,
862 493 992 556 reddere
1019 492 1152 556 distulit.
1182 494 1265 556 Dum
1293 492 1377 554 enim
1414 495 1583 574 saepefatus
1614 495 1830 558 sanctissimus

163 595 183 654 5
207 611 292 676 papa
319 593 529 676 conjungeret
549 599 701 682 pomam,
732 604 804 680 post
830 599 988 680 aliquanti
1015 600 1166 681 temporis
1195 599 1344 680 spolium,
1374 599 1481 662 ltrrore
1516 600 1698 663 vehementi
1726 603 1829 683 reple-

204 706 256 763 tus
296 701 496 765 adversarius
537 701 604 778 ille,
633 709 667 767 el
698 723 763 767 suaa
805 705 921 768 enimse
961 705 1118 782 inimicus,
1152 705 1317 782 listulius,
1356 704 1421 767 Ileo
1464 705 1524 767 sibi
1564 707 1734 783 contrario,
1764 727 1828 772 uon

203 807 307 880 tobim
335 807 411 890 qula
439 825 477 872 ea
511 827 584 890 quea
620 810 810 890 promiserat
839 810 973 894 nosne.
1000 812 1193 894 adimplevit,
1231 812 1286 876 sed
1323 811 1420 874 eliam
1447 817 1479 873 et
1506 813 1686 892 generalem
1712 813 1830 878 iaciens

203 913 451 989 commotionem
477 933 552 984 oum
575 916 723 984 universo
750 918 841 999 regni
867 917 918 984 eui
943 918 1228 999 amgooaraorum
1256 919 1375 1000 populo
1405 921 1517 980 contra
1543 917 1627 980 banc
1653 921 1828 982 Romanam

201 1019 290 1094 vettii
315 1020 440 1095 urbem·
471 1040 567 1103 (tuom
597 1041 654 1104 per
682 1023 778 1092 iriam
809 1023 965 1110 meadum
997 1025 1101 1107 spatia
1127 1023 1286 1100 obsidens,
1317 1030 1414 1106 alque
1442 1044 1480 1087 ex
1508 1025 1595 1086 omni
1631 1025 1830 1088 circumdans

139 1127 182 1190 to
204 1135 307 1207 parte,
331 1127 474 1220 qoutidie
497 1128 623 1198 fortiter
649 1148 720 1198 eam
749 1131 969 1212 expugnabat,
996 1131 1105 1194 omnia
1130 1149 1204 1212 qua
1232 1137 1322 1194 crant
1342 1136 1432 1194 extra
1459 1130 1570 1194 urbem
1599 1130 1686 1194 ierro
1711 1131 1830 1213 etigne

202 1231 374 1310 dormiam
401 1237 498 1315 Qus
526 1235 871 1306 concitusconcitus
898 1237 1108 1322 consumpsit,
1135 1237 1307 1317 imminens
1327 1237 1547 1300 vehementius
1574 1236 1674 1300 bdem
1702 1239 1831 1319 pestiler

201 1338 369 1418 tiorum.
397 1345 439 1414 lli,
456 1339 540 1419 bena
568 1345 744 1412 llomsnem
772 1361 888 1424 cepere
913 1343 1090 1426 potuissent
1123 1343 1249 1418 urbem,
1277 1361 1350 1426 nam
1379 1347 1411 1406 et
1437 1344 1537 1408 multa
1566 1361 1702 1426 corpora
1738 1363 1829 1408 eauc-

201 1449 308 1508 tornm
336 1445 501 1524 effodiens,
532 1465 641 1510 eorum
679 1467 770 1512 sacra
806 1450 956 1532 mysteria
994 1448 1046 1532 (o),
1083 1449 1122 1511 ad
1162 1467 1313 1530 magnum
1348 1451 1462 1512 aalma
1494 1450 1718 1528 detrimentum
1755 1450 1829 1513 aba

201 1551 288 1633 tplit,

243 1665 330 1730 m
353 1661 428 1736 llaec
455 1659 564 1744 itaque
590 1661 688 1746 impie
716 1662 757 1731 ab
787 1661 897 1731 eodem
926 1663 1063 1740 sistallo
1091 1668 1183 1745 geela
1209 1663 1426 1744 quantocitius
1448 1662 1609 1744 saepedicti
1636 1665 1829 1728 Francorum

198 1765 368 1848 insonuere
397 1767 481 1847 rogis
517 1767 551 1836 iu
589 1787 682 1836 eures
710 1767 764 1854 (d).
795 1770 856 1837 Sed
895 1773 927 1837 el
965 1769 1164 1840 beatissimus
1201 1770 1342 1852 pontilax
1377 1788 1434 1852 per
1470 1770 1629 1848 marinum
1664 1770 1724 1837 iter
1756 1789 1830 1832 suos

203 1872 367 1948 ordinans,
396 1877 428 1936 at
464 1873 505 1954 ad
547 1893 619 1956 epm
661 1875 827 1946 Franciem
866 1875 974 1958 dirigit
1012 1876 1134 1956 missos,
1174 1894 1238 1940 una
1278 1894 1349 1940 cum
1388 1876 1527 1957 quodam
1561 1877 1708 1956 religioso
1749 1878 1829 1952 uiro,

201 1980 369 2053 Wernelio
398 1981 537 2060 momine,
574 1981 629 2064 qoi
670 1983 711 2050 eb
753 1982 865 2047 eodem
903 1984 1097 2066 Frapoornrn
1142 2001 1217 2064 rege
1257 1981 1321 2057 buc
1360 1987 1494 2062 ttomsm
1535 1983 1673 2046 directus
1711 1982 1827 2050 lueret.

159 2085 323 2151 dcuncla
350 2104 421 2176 qum
453 2093 543 2170 gesta
581 2093 665 2170 spol,
697 2093 727 2165 el
755 2107 826 2169 qum
868 2089 1039 2162 crudeliter
1079 2095 1235 2172 tyrannus
1276 2089 1330 2163 ille
1371 2088 1492 2170 peregit
1524 2088 1685 2164 Aialolius,
1722 2089 1832 2152 subtili

202 2192 330 2258 fictione
357 2193 421 2260 suis
448 2193 485 2278 (c)
513 2195 695 2278 apostplicis
723 2194 930 2278 relatiopibus
956 2196 1107 2278 sepefato
1136 2195 1416 2274 christianissimo,
1446 2202 1478 2260 et
1514 2196 1571 2274 Dei
1607 2196 1723 2263 cultori
1757 2197 1829 2277 Pip-

201 2299 278 2390 pino
306 2302 498 2382 Francorum
528 2301 689 2388 iutimpvit
725 2301 807 2386 regi,
837 2301 988 2386 adjuraqs
1026 2320 1099 2380 eum
1138 2302 1263 2382 fortiter
1299 2302 1495 2384 llrmilerqus
1531 2303 1590 2376 sub
1625 2303 1733 2368 divina
1767 2302 1831 2366 diei

196 2405 310 2504 judicii
336 2405 558 2494 obtestatione,
588 2415 704 2474 cuncta
731 2427 802 2492 qum
831 2408 925 2492 bealo
951 2409 1046 2494 l’elro
1074 2407 1235 2492 pollicitus
1261 2412 1310 2474 est
1337 2408 1575 2491 adimplepdum
1597 2408 1654 2491 (d.)
1677 2409 1726 2474 ad
1753 2427 1829 2472 vero

201 2513 271 2577 brec
297 2511 583 2600 christianissimus
610 2514 766 2600 Pippipus
800 2533 856 2585 rex
883 2516 1092 2590 Breucorum,
1122 2516 1246 2586 fervore
1272 2515 1347 2591 lidei
1376 2522 1492 2593 molus,
1520 2515 1636 2590 ilerum
1673 2534 1746 2578 cum
1773 2515 1831 2594 liei

139 2620 179 2682 ltl
201 2618 319 2683 virtute
332 2619 513 2701 generalem
528 2619 647 2683 iaciens
661 2622 845 2696 motionem,
856 2622 888 2684 in
902 2621 1184 2702 Langobardorum
1201 2626 1306 2703 partes
1320 2620 1518 2702 conjunxit·,
1527 2629 1559 2684 et
1571 2621 1674 2696 clusas
1688 2620 1831 2684 funditus

198 2725 382 2810 eorumdem
397 2726 511 2808 evertit
527 2727 821 2812 longobardorum.
837 2728 962 2807 illenim
990 2746 1061 2814 epm
1087 2729 1127 2790 ed
1143 2728 1311 2812 predictas
1338 2727 1620 2811 Langobardorum
1647 2726 1830 2807 clusasjam

199 2831 284 2895 letus
294 2831 577 2895 christianissimus
590 2821 744 2916 Pippinus
757 2835 951 2918 Francorum
964 2813 1236 2922 appropinquaret
1250 2852 1317 2913 rea,
1340 2833 1575 2913 conjunxerunt
1595 2831 1628 2894 in
1643 2831 1704 2898 bec
1719 2835 1831 2896 Roma·

207 2937 340 3004 naurbe
369 2937 407 3022 (s)
422 2939 603 3020 imperiales
618 2940 715 3016 missi,
747 2940 915 3030 Gregorius
938 2940 1057 3026 seilicet
1083 2946 1283 3022 poloseorate
1310 2938 1366 3020 (9),
1394 2925 1426 3004 el
1452 2942 1592 3012 loannes
1620 2938 1830 3018 Silentiarius,

199 3044 314 3114 direxti
342 3044 383 3106 ad
411 3045 596 3130 pradictum
631 3049 827 3138 Francorum
857 3066 974 3136 regem.
1016 3049 1102 3130 Quos
1141 3046 1315 3130 suscipiens
1354 3045 1555 3111 beatissimus
1591 3065 1675 3133 papa
1712 3045 1830 3113 eisdem

141 3153 181 3216 la
205 3152 375 3220 motionem
406 3153 530 3234 prmiali
557 3157 752 3220 Francorum
790 3156 874 3236 regis
900 3155 1071 3216 nuntiarit.
1101 3153 1191 3230 Quod
1233 3153 1361 3234 quidem
1399 3152 1446 3216 illi
1485 3152 1618 3216 dubium
1651 3153 1833 3216 babuerunt

201 3258 362 3324 credendi.
391 3259 431 3322 let
466 3259 632 3340 adherens
670 3259 714 3326 eis
752 3261 882 3324 missum
918 3260 1100 3344 apostolica
1140 3259 1223 3324 sedis
1251 3278 1306 3324 eos
1345 3260 1378 3326 in
1418 3259 1586 3346 Franciam
1623 3260 1669 3323 ire
1698 3259 1834 3329 absolvit

202 3365 256 3449 (l).
283 3367 323 3433 Et
351 3372 518 3450 pergentes
547 3367 671 3433 marino
713 3367 824 3431 itinere
861 3368 1051 3457 quantocius
1088 3367 1257 3447 Massiliam
1293 3367 1509 3446 adveneruut;
1540 3367 1573 3430 in
1596 3367 1833 3450 quamingres-

201 3471 325 3536 mentes
353 3471 533 3541 didicerunt
556 3472 625 3558 jam
649 3475 839 3569 predictum
863 3478 1057 3551 Francorum
1081 3493 1189 3556 regem
1204 3473 1485 3556 Longobardorum
1512 3473 1591 3546 lines
1618 3474 1833 3554 luisseingre·

204 3597 286 3658 sum,
326 3577 424 3661 juxta
452 3579 708 3643 adhortationem
753 3583 885 3644 antelati
912 3581 1087 3644 beatissimi
1115 3599 1219 3666 papae,
1248 3586 1280 3644 et
1320 3582 1560 3662 promissionem
1603 3600 1698 3664 quam
1740 3580 1834 3646 beato

133 3687 179 3750 20
205 3689 300 3750 Petro
335 3683 544 3767 jurejurando
581 3688 752 3756 obtulerat.
780 3691 820 3752 Et
861 3687 930 3768 llaec
966 3688 1003 3772 (a)
1051 3693 1276 3768 cognoscentes
1301 3687 1363 3769 ipsi
1385 3688 1565 3772 imperiales
1604 3687 1701 3764 missi,
1730 3689 1835 3752 trisles

206 3792 319 3870 ellecli,
356 3793 541 3874 nitebantur
576 3794 684 3858 dolose
721 3795 762 3878 (j)
801 3796 932 3858 missurn
965 3796 1147 3877 apostolicae
1176 3795 1259 3858 sedis
1297 3795 1438 3858 delinere
1480 3795 1662 3873 Massiliam,
1698 3801 1733 3858 ut
1774 3795 1834 3857 mi·

203 3899 288 3962 nime
331 3881 371 3962 ad
414 3899 598 3983 praediolum
626 3908 812 3984 properaret
851 3920 970 3982 regern,
998 3900 1178 3983 affligentes
1220 3919 1292 3964 cum
1320 3901 1424 3966 valide
1449 3899 1502 3985 (lc).

247 4014 327 4069 m
352 4007 425 4084 Sed,
454 4007 687 4071 interveniente
714 4008 807 4072 beslo
835 4009 928 4073 Patro
954 4010 1170 4092 apostolorum
1200 4008 1357 4089 principe,
1387 4026 1496 4070 eorum
1526 4008 1641 4072 callida
1680 4008 1720 4078 ad
1755 4006 1838 4069 nibi-

208 4113 274 4175 lum
302 4113 431 4184 rodaota
458 4120 508 4178 est
533 4115 683 4178 versutia.
711 4117 822 4198 ltaque
850 4133 931 4178 uuus
967 4134 1007 4178 ex
1040 4115 1128 4196 ipsis,
1160 4114 1330 4196 Gregorius
1365 4114 1515 4178 videlicet
1550 4119 1766 4196 protosecretae
1801 4113 1838 4196 (l)

210 4220 394 4306 precedens
421 4222 603 4306 apostolica
633 4222 718 4286 sedis
745 4224 885 4300 missum,
916 4221 1061 4289 celeriter
1088 4221 1355 4304 prenominatum
1386 4223 1579 4285 Francorum
1606 4227 1767 4289 assecutus
1794 4226 1843 4302 est

209 4345 332 4408 regem.
361 4347 456 4409 quern
496 4333 528 4391 el
567 4329 601 4392 in
643 4329 760 4394 finibus
801 4327 1085 4413 Langobardorum
1123 4347 1187 4392 non
1222 4327 1376 4411 procula
1412 4327 1512 4408 Papia
1539 4327 1656 4408 reperit
1692 4326 1839 4402 civitate;

171 4433 249 4496 liet
278 4433 373 4496 nimis
413 4453 486 4513 epm
519 4436 703 4518 deprecans,
734 4444 830 4519 atque
872 4437 965 4519 plura
1005 4435 1165 4521 spondens
1207 4435 1305 4498 tribui
1346 4433 1401 4518 (m)
1427 4435 1605 4519 imperialia
1638 4450 1780 4509 munera,
1806 4438 1844 4495 nl

217 4541 453 4605 Ravennatiuru
497 4543 608 4606 urbem
649 4543 699 4620 rel
731 4549 865 4608 crateras
905 4543 1046 4627 ejusdem
1078 4542 1267 4607 exmchslus
1301 4541 1444 4607 civitates
1480 4548 1512 4605 et
1546 4545 1649 4605 castra
1685 4540 1843 4624 imperiali

220 4645 364 4710 tribuens
391 4649 577 4712 concederet
604 4650 728 4714 ditioni.
758 4655 799 4713 At
814 4668 1031 4732 nequaquam
1058 4650 1159 4713 valuit
1185 4649 1401 4712 firmissimum
1426 4648 1494 4730 jum
1523 4647 1580 4712 lati
1612 4645 1841 4713 Christianissi·

219 4753 265 4815 ml
291 4759 388 4835 alque
415 4755 634 4838 benignissimi
670 4757 773 4821 lidelis
806 4757 863 4821 Dei
899 4762 931 4820 et
967 4757 1118 4830 amatoris
1155 4757 1240 4820 beati
1267 4757 1352 4820 Petri
1378 4754 1525 4841 aposloli,
1554 4753 1673 4820 scilicet
1709 4753 1843 4816 anlelali

213 4859 344 4942 Pippini
372 4863 567 4928 Francorum
593 4865 686 4946 regis,
715 4864 869 4938 inclinare
897 4882 962 4940 cor,
990 4871 1025 4927 nt
1055 4865 1181 4927 easdem
1207 4863 1351 4926 civitates
1377 4871 1411 4931 et
1438 4864 1508 4926 loca
1534 4861 1692 4944 imperiali
1720 4861 1840 4925 lribue-

150 4967 198 5030 lll
219 4971 268 5030 rel
296 4967 419 5032 ditioni.
447 4972 597 5033 deserens
625 4973 724 5034 isdem
752 4971 809 5036 liei
837 4971 951 5050 cultor,
981 4971 1164 5034 mitissimus
1193 4990 1259 5046 rex,
1289 4970 1377 5033 nulla
1409 4971 1536 5053 peuilus
1563 4969 1686 5032 relione
1715 4969 1841 5034 easdem

216 5073 359 5137 civitates
389 5093 410 5138 a
438 5084 593 5158 potestate
621 5078 707 5142 beati
733 5079 820 5154 Petri
843 5085 874 5142 et
902 5077 976 5159 juro
1011 5079 1157 5146 Ecclesia
1194 5079 1345 5140 Romana
1381 5080 1430 5141 rel
1466 5077 1624 5159 pontilicis
1661 5076 1841 5160 apostolica

218 5179 302 5243 sedis
336 5185 561 5265 quoquomodo
600 5185 732 5249 alienari
760 5185 814 5268 (a).
845 5185 1015 5249 affirmans
1065 5185 1160 5248 etiam
1198 5186 1257 5248 sub
1290 5184 1472 5268 juramento
1510 5186 1595 5268 quod
1632 5204 1690 5268 per
1725 5185 1842 5247 nullius

219 5285 359 5351 hominis
391 5289 532 5356 laroma
562 5311 629 5356 sese
652 5293 818 5356 certamini
845 5293 960 5376 saepius
987 5293 1135 5369 dedisset,
1160 5292 1221 5354 nisi
1250 5311 1308 5374 pro
1337 5311 1446 5358 amore
1467 5294 1553 5356 beati
1579 5291 1677 5368 Petri,
1704 5289 1843 5354 strenia

745 5451 866 5494 Forum
885 5451 1066 5520 Memmii-lis
1090 5451 1236 5494 ransom.

171 5559 214 5633 (s)
226 5561 238 5584 '
252 5560 428 5619 crematoris.
467 5560 533 5688 (bss'
548 5560 744 5618 insonuerunt
758 5560 890 5617 auribus.
911 5560 946 5632 (c)
961 5563 972 5586 ¹
988 5558 1135 5617 subtiliter
1148 5559 1220 5617 suis.
1245 5559 1285 5632 (d)
1300 5561 1311 5585 *
1327 5558 1382 5618 sub
1398 5558 1488 5616 divini
1499 5555 1603 5632 judicii
1618 5555 1665 5612 die
1680 5555 1842 5628 obtestans,

130 5635 169 5688 ut
186 5632 476 5715 cunctaquaebeato
507 5637 573 5718 'elno
589 5631 1007 5717 pollicitus'est,adimpleret,
1042 5632 1181 5704 (clvenit.
1218 5627 1674 5740 (sl‘veneruntinhonourbem.
1713 5629 1845 5704 (glprolo

129 5702 537 5850 babrbbbmln)b)1bb⁸l?lm’
554 5704 582 5762 td
596 5703 766 5762 ertdsmrsrt.
783 5705 817 5780 (r)
831 5705 843 5730 ·
857 5703 947 5778 quod.
984 5705 1018 5779 ly)
1032 5706 1042 5728 ⁸
1058 5701 1136 5762 dolo.
1173 5703 1212 5780 (l)

296 5899 430 5968 Puram.
453 5899 505 5970 ex
1643 5903 1682 5968 tlt

1258 5702 1353 5761 valde.
1391 5703 1424 5774 (t)
1448 5701 1532 5758 Proto
1557 5716 1574 5758 a
1599 5699 1729 5761 secretis.
1767 5703 1843 5780 (m)*
