4052 6164
249 198 330 288 asae
820 207 1379 298 anisacarnmtouuaoaau,
1837 222 1893 309 aaa

323 335 631 410 struthiocamelorum
648 356 700 396 ova
714 340 782 398 duo.
793 344 887 416 Atque
902 344 969 400 tecit
984 344 1013 400 in
1029 344 1130 401 eadem
1145 342 1268 402 ecclesia
1278 343 1341 412 ,iam
1357 341 1896 418 dicteciuitatisvestessericasduaa10r

319 428 428 504 quibus
444 451 532 490 unam
549 436 637 493 hebet
653 438 682 493 in
698 439 794 494 medio
818 440 949 496 tabulam
965 441 1000 497 de
1016 441 1211 514 chrysoclavo,
1229 443 1257 497 et
1272 437 1330 496 alia
1353 437 1485 510 hebetia
1512 439 1607 496 medio
1622 450 1774 516 crucem,ct
1786 449 1897 510 orbiculos

319 533 445 602 quatuor
458 547 524 610 cum
539 535 731 608 gammadiis;
748 535 848 604 etuela
858 537 893 594 de
909 538 1029 594 lundata
1040 539 1139 594 decem
1149 541 1177 594 ot
1188 539 1252 592 octo
1264 555 1270 592 :
1283 534 1455 596 crucitlxum
1466 553 1501 592 ex
1512 542 1631 613 argento
1643 538 1796 612 purissimo,
1806 559 1896 617 pensan,

266 627 299 682 to
319 625 409 683 libras
422 629 449 685 7.
462 629 578 686 Necnon
595 635 622 686 et
637 629 666 686 in
683 631 805 689 ecclesia
815 634 908 690 sancti
925 634 1039 702 Leonis,
1052 635 1101 695 ubi
1113 651 1202 710 supra
1216 633 1323 691 obtulit
1337 635 1473 705 patenam
1488 623 1654 710 exauratam
1666 653 1758 710 unam,
1769 639 1866 700 culicem
1875 646 1899 702 dc

318 729 437 798 argento
453 744 557 804 unum,
568 733 662 785 vestes
676 731 761 795 duas,
773 746 862 786 unam
878 730 996 804 quidem
1013 732 1048 788 de
1064 731 1195 798 tundata,
1210 733 1342 786 ornatam
1357 730 1387 785 in
1403 729 1528 788 circuitu
1553 731 1590 788 de
1610 731 1728 802 clavero,
1740 733 1867 796 habentem
1878 740 1898 797 in

318 827 430 894 septem
443 841 449 878 :
462 824 656 882 Historiarum
671 827 845 896 Salomonis,
859 829 1117 902 antiphonarium,
1130 827 1303 888 Psalterium
1314 831 1342 884 et
1352 829 1631 902 sacramentarium,
1642 834 1780 904 gestorum
1789 837 1812 888 et
1823 851 1901 894 sermo

319 937 381 988 nes,
393 922 443 977 sed
458 926 487 978 et
502 923 690 996 Evangelium
706 942 773 982 cum
788 924 898 990 tabulis
914 928 1077 1002 argenteis:
1090 931 1178 1000 atque
1200 925 1433 998 sacratissimum
1449 925 1498 981 Dei
1515 924 1615 996 altare,
1628 927 1702 1002 quod
1718 945 1798 1002 supra
1810 933 1900 988 sanctis·

265 1014 301 1072 t5
320 1017 428 1074 simum
445 1019 520 1076 beati
538 1021 613 1077 Petri
629 1023 752 1094 apostoli
769 1041 874 1097 corpus
889 1025 1023 1082 consistit
1042 1023 1187 1098 argenteis
1199 1021 1356 1092 deauratis,
1364 1039 1427 1096 quse
1443 1023 1473 1078 in
1489 1023 1589 1079 dextra
1601 1027 1630 1078 et
1642 1021 1710 1080 laeua
1720 1023 1802 1099 ipsius
1814 1035 1900 1100 aposto·

319 1112 415 1170 lorum
431 1116 572 1189 principis
588 1118 676 1174 habet
692 1119 843 1192 miracula,
855 1122 1020 1194 perornavit
1033 1121 1152 1182 laminis
1161 1121 1211 1194 (a),
1223 1137 1289 1198 qua
1302 1121 1413 1196 ingenti
1425 1119 1578 1198 splendore
1591 1137 1669 1196 nunc
1685 1125 1715 1194 ut
1728 1121 1785 1182 celi
1798 1129 1860 1180 aetra
1870 1143 1901 1183 ca·

319 1217 450 1277 ruscant,
466 1229 588 1285 pensan.
601 1231 667 1271 vero
682 1215 772 1272 simul
787 1217 877 1272 libras
892 1219 1061 1294 octuaginta
1076 1223 1202 1292 quatuor
1216 1223 1245 1274 et
1260 1218 1362 1275 uncias
1376 1217 1517 1302 quinque.

355 1309 431 1368 552
446 1313 539 1388 Atque
554 1317 618 1385 post
634 1317 693 1369 tam
710 1314 860 1382 immense
885 1316 1061 1388 operationis
1076 1315 1214 1390 insignia,
1225 1314 1358 1390 factaque
1373 1314 1482 1386 diuina,
1494 1313 1545 1388 Dei
1565 1313 1664 1372 alenai
1688 1312 1901 1390 clementiaimpi·

317 1411 482 1480 rante,quae
498 1427 550 1482 per
564 1409 678 1467 diversa
688 1411 751 1468 loca
761 1413 797 1480 ob
813 1412 937 1469 salutem
946 1412 1178 1490 Christianorum
1194 1413 1255 1484 ipse
1270 1410 1476 1488 sanctissimus
1487 1426 1562 1486 papa
1573 1413 1618 1486 est
1632 1411 1901 1492 operatugeoclesiun,

318 1521 382 1582 quae
397 1506 513 1561 Domini
528 1523 597 1563 uoce
613 1525 702 1580 supra
718 1510 833 1565 firmam
863 1516 973 1584 petram
991 1511 1113 1566 lundata
1127 1507 1271 1578 consistit,
1288 1507 1366 1572 etde
1382 1506 1458 1567 beati
1475 1493 1551 1566 Petri
1579 1505 1772 1582 apostolorum
1797 1507 1902 1587 principis

317 1603 436 1658 nomine
450 1607 552 1660 sancto
567 1603 694 1677 gloriosa
708 1611 852 1674 coruscat,
870 1607 1085 1681 pretiosissimo¹
1096 1605 1228 1663 omnium
1250 1603 1433 1676 metallorum
1450 1609 1553 1666 ornatu
1569 1621 1628 1676 pree
1645 1601 1732 1664 nimio
1746 1604 1832 1680 patrie
1843 1607 1902 1664 cele-

279 1699 298 1753 5
317 1698 371 1756 stis
386 1716 484 1756 amore
499 1701 631 1773 quotidie
643 1719 746 1776 ornare
762 1721 932 1776 procurans,
945 1705 1053 1761 ibidem
1073 1720 1188 1778 quoque
1203 1701 1357 1764 lectorium
1378 1707 1549 1778 argenteum
1564 1700 1672 1773 inclyta
1684 1701 1833 1776 operatione
1845 1704 1902 1761 cela·

316 1800 391 1874 tum,
403 1801 431 1852 et
447 1813 536 1874 super
549 1801 676 1871 quatuor
687 1801 774 1873 pedes
789 1801 953 1865 consistens
964 1801 1092 1874 perfecit.
1105 1803 1137 1858 ln
1153 1801 1238 1874 cujus
1257 1797 1391 1878 videlicet
1404 1799 1576 1874 summitate
1596 1796 1689 1860 leonis
1708 1803 1789 1881 capul
1803 1799 1902 1874 refulget,

315 1911 427 1966 pensan
455 1893 547 1971 libras
561 1895 682 1968 triginta
692 1915 783 1954 unam
799 1903 826 1955 et
841 1899 945 1966 uncias
960 1899 1096 1974 undecim
1109 1917 1115 1956 :
1128 1916 1240 1958 necnon
1257 1902 1286 1954 et
1301 1901 1446 1972 cerostata
1458 1901 1593 1970 quatuor,
1605 1913 1671 1972 qum
1687 1895 1796 1970 alonge
1808 1901 1903 1970 tempore

316 2009 501 2048 summorum
517 1993 690 2066 pontificum
704 1992 735 2049 in
751 1994 847 2064 medio
862 1997 1034 2071 presbyterii
1051 1996 1134 2058 lestis
1149 1995 1338 2068 erigebantur
1353 1992 1467 2050 diebus.
1480 1995 1573 2070 Atque
1588 1993 1650 2049 hec
1667 1993 1760 2066 sagaci
1774 1993 1870 2053 arbitrio
1881 1995 1904 2052 de

317 2095 436 2164 argento
460 2091 617 2168 purissime
641 2091 797 2166 investivit,
810 2097 897 2166 atque
912 2097 945 2150 ut
958 2083 991 2149 in*
1004 2097 1176 2168 perpetuum
1203 2091 1312 2160 ibidem
1327 2093 1425 2152 erecta¹
1437 2094 1534 2159 essent
1562 2090 1724 2159 constituit,
1740 2090 1809 2162 quod
1833 2090 1904 2147 nullus

263 2187 299 2244 ¹20
317 2188 563 2260 predecessorum
580 2189 643 2260 ejus
659 2188 752 2246 iacere
767 2189 912 2263 cogitavit,
923 2191 1063 2264 habentia
1077 2188 1166 2252 simul
1181 2189 1270 2246 libras
1282 2189 1496 2266 quinquaginta
1511 2193 1540 2246 et
1554 2189 1697 2268 quinque.
1708 2187 1759 2246 Ubi
1777 2191 1905 2264 supralecit

321 2288 350 2340 et
364 2287 506 2340 cerostata
521 2285 556 2340 de
566 2289 686 2359 argento
698 2289 819 2358 majora,
833 2304 999 2360 perunum,
1012 2304 1134 2360 pensan,
1145 2286 1235 2350 libras
1246 2272 1441 2362 quadraginta
1451 2291 1514 2344 octo
1524 2291 1553 2360 et
1564 2285 1783 2360 uncias-decem,
1793 2285 1818 2342 in
1827 2286 1904 2360 quibua

338 2381 441 2438 sedent
455 2379 579 2438 lucerna
589 2381 717 2439 bimixtae
728 2383 763 2440 de
775 2388 894 2457 argento
910 2384 1068 2458 purissimo
1083 2384 1214 2440 lucentes
1225 2385 1312 2457 juxta
1320 2382 1411 2440 altare
1422 2384 1529 2459 majus,
1540 2399 1665 2460 pensan.
1676 2382 1765 2439 libras
1774 2382 1904 2456 simulque·

321 2479 457 2553 draginta
471 2483 499 2536 et
514 2496 616 2537 novem
630 2497 761 2537 :necnon
784 2485 812 2538 et
833 2481 890 2538 alia
913 2485 1059 2539 cerostata
1072 2483 1262 2556 deargentata
1279 2485 1401 2555 septem,
1413 2497 1535 2553 pensan..
1546 2477 1637 2542 libras
1650 2479 1754 2554 viginti
1774 2480 1879 2556 quinque
1888 2485 1907 2536 ct

319 2575 423 2633 uncias
437 2581 506 2634 trec.
517 2576 581 2632 Pari
595 2578 682 2634 modo
697 2583 725 2634 et
740 2577 799 2654 alia¹
811 2583 923 2651 septem
942 2583 1017 2636 tetra
1035 2579 1101 2636 iecit
1116 2583 1259 2635 cerostata
1274 2579 1366 2637 ferrea
1380 2578 1505 2650 desuper
1519 2577 1555 2632 de
1580 2580 1711 2650 argento,
1723 2592 1831 2649 pensan.
1843 2576 1907 2633 libras

266 2675 300 2755 1⁵5
319 2692 409 2731 unam
425 2679 454 2731 et
467 2674 580 2748 uiginti,
592 2684 620 2732 et
635 2676 738 2734 uncias
752 2681 821 2733 tres.
834 2678 927 2749 Atque
943 2693 1031 2749 super
1050 2676 1147 2750 ipsum
1164 2673 1254 2732 altare
1271 2673 1337 2732 iecit
1351 2679 1461 2732 uestem
1475 2690 1546 2730 auro
1560 2677 1682 2744 tertam,
1694 2673 1817 2729 candidis
1829 2690 1869 2746 per
1879 2677 1908 2729 to·

318 2777 380 2828 tum
396 2773 564 2846 margaritis
580 2772 751 2847 fulgentem,
763 2778 791 2831 et
807 2773 836 2842 in
851 2774 952 2831 dextra
967 2773 1095 2848 lanaque
1107 2772 1223 2832 tabulas
1238 2776 1401 2852 gemmatas
1416 2772 1572 2846 habentem
1589 2789 1657 2832 eum
1675 2771 1908 2857 aureispercircai·

318 2876 383 2948 tum
397 2869 546 2946 orbiculis,
559 2871 667 2943 quibus
681 2871 797 2945 insigne
812 2871 910 2945 ipsius¹
922 2869 1056 2944 presulis
1070 2873 1115 2926 est
1128 2886 1234 2927 nomen
1251 2869 1441 2944 descriptum.
1642 2854 1645 2863 ’

353 2967 430 3024 aba
445 2967 511 3024 lem
527 2971 556 3023 et
570 2967 781 3024 monasterium
799 2967 893 3034 saneti
908 2967 1119 3040 Martini,quod
1130 2966 1217 3040 longo
1228 2965 1309 3042 senio
1323 2969 1545 3034 eratcasurum,
1558 2965 1803 3038 mirisdomorum
1813 2962 1909 3022 atinate

320 3064 539 3131 restauravit,et
553 3063 588 3119 ad
604 3064 744 3120 honorem
760 3063 909 3132 meliorem
922 3081 1010 3138 quam
1026 3064 1107 3138 prius
1132 3065 1224 3123 luerat
1240 3061 1372 3132 funditus
1387 3062 1543 3124 decoravit.
1560 3049 1593 3126 ln
1608 3078 1669 3134 quo
1683 3066 1713 3119 et
1726 3067 1825 3118 vestem
1839 3061 1909 3117 albam

317 3165 446 3218 rosatum
456 3177 522 3216 cum
540 3160 613 3218 rosis
629 3160 745 3230 obtulit,
755 3166 784 3218 et
799 3161 975 3218 Salvatorem
987 3178 1054 3217 cum
1070 3159 1220 3236 apostolis.
1232 3165 1261 3220 et
1270 3159 1419 3236 Virginem
1436 3160 1579 3234 legentem
1596 3177 1704 3222 momen
1719 3159 1821 3216 domiai
1835 3159 1910 3216 beonia
1975 3209 1976 3218 ,

318 3258 423 3331 quarti.
436 3257 505 3313 ltcm
522 3257 585 3314 vela
599 3258 729 3332 quinque
745 3258 811 3328 alba
825 3262 972 3326 nesciaet
986 3275 1079 3314 unum
1093 3259 1211 3332 quidem
1228 3256 1340 3314 hahens
1354 3256 1538 3332 gammadias
1553 3257 1706 3325 tredecim,
1718 3255 1910 3330 etamigdaladt

280 3358 298 3413 5
317 3358 436 3436 argento
450 3359 587 3411 exaurata
601 3355 667 3412 tria.
689 3357 721 3412 ln
738 3355 860 3412 ecclesia
884 3359 1050 3412 sanctorum
1067 3339 1192 3428 quatuor
1207 3354 1415 3420 Coronatorum
1433 3353 1500 3412 iecit
1513 3357 1623 3417 vestem
1639 3354 1678 3410 de
1701 3355 1815 3410 tundata
1835 3369 1909 3420 unam.

316 3453 457 3509 Praeterea
471 3453 549 3508 idem
563 3469 699 3509 summus
710 3457 738 3508 et
751 3452 928 3509 orthodoxus
940 3452 1068 3524 pontifex
1079 3450 1176 3508 divine
1186 3451 1377 3524 inspiratione
1389 3450 1523 3524 pulsatus
1534 3449 1601 3508 iecit
1611 3450 1641 3506 in
1653 3449 1773 3506 basilica
1782 3449 1848 3506 beati
1857 3447 1910 3506 Patri

317 3549 515 3621 apostolorum
530 3548 671 3622 principis
683 3549 787 3605 calices
802 3567 836 3606 ex
852 3554 971 3622 argento
986 3549 1214 3623 purissimn‚qni
1226 3549 1354 3622 pendent
1369 3565 1568 3622 superarcum
1584 3547 1786 3623 principalem,
1796 3549 1911 3604 necnonet

314 3645 392 3701 intra
401 3643 553 3722 columnas
564 3645 690 3717 majores
703 3647 803 3702 dextra
813 3645 941 3718 levaque
952 3663 1074 3702 numero
1085 3644 1253 3722 octuaginta
1268 3649 1338 3711 tres,
1349 3645 1490 3708 habentes
1507 3643 1628 3701 insimul
1641 3644 1735 3720 libras
1749 3644 1911 3718 quadringen-

316 3747 361 3799 tas
371 3741 566 3815 quadraginta
577 3747 605 3798 ot
617 3759 716 3799 unam.
729 3743 860 3816 idipsum
871 3761 938 3800 uero
950 3749 1016 3800 onte
1028 3743 1103 3808 sacri
1116 3743 1216 3800 altaris
1226 3741 1404 3802 vestibulum
1416 3742 1495 3799 mire
1506 3740 1738 3814 pulchritudinis
1747 3743 1808 3799 iecit
1818 3742 1910 3804 trahem,

260 3837 296 3896 l0
314 3855 403 3913 quam
415 3841 481 3912 post
491 3837 560 3894 dirae
571 3839 666 3912 gentis
682 3839 837 3896 nefandam
849 3841 1094 3914 depredationem
1105 3857 1139 3896 ex
1154 3844 1274 3914 argento
1289 3839 1434 3899 decorarit
1449 3837 1661 3913 purissimam
1678 3857 1740 3914 qua
1751 3854 1866 3896 sacraac
1876 3833 1911 3892 uei

312 3935 493 3993 venerabiles
504 3935 606 3992 sedent
615 3935 758 4012 imagines
769 3955 833 4010 qum
846 3955 927 4011 pens.
940 3937 1030 3995 libras
1044 3937 1204 4012 sexaginta.
1214 3936 1327 3996 Obtulit
1337 3953 1454 4020 quoque
1465 3935 1472 3990 i
1477 3954 1493 3991 n
1505 3935 1628 4000 eeclesia
1637 3937 1716 4010 beati
1728 3933 1909 4008 Palaiapostoli.

313 4051 377 4108 que
390 4032 509 4106 ponitur
523 4032 552 4088 in
569 4032 685 4092 civitate
701 4034 828 4108 Leopoli,
840 4035 1025 4091 thuribulum
1036 4035 1071 4090 de
1086 4038 1205 4108 argento
1216 4038 1353 4106 exaurata
1366 4051 1467 4092 unum.
1480 4033 1543 4093 Pari
1556 4035 1643 4091 modo
1658 4039 1689 4091 et
1702 4034 1733 4090 in
1743 4031 1854 4091 ecclesia
1864 4047 1909 4088 sen·

312 4135 365 4187 ctae
376 4129 426 4186 Dei
438 4127 591 4187 Genitricis
607 4131 786 4204 blariae,quae
798 4131 855 4188 sita
869 4136 914 4188 cst
928 4131 959 4187 in
973 4131 1035 4188 vico
1048 4131 1218 4196 Sardorum,
1229 4129 1372 4204 gabathas
1384 4147 1449 4190 cum
1462 4129 1590 4187 canistro
1601 4130 1636 4188 de
1648 4135 1770 4205 argento
1780 4131 1908 4190 exaurata,

235 4234 241 4248 '
311 4244 424 4302 pensan
444 4226 535 4284 libras
538 4269 592 4284 .....
605 4227 745 4285 Similiter
760 4233 788 4284 et
808 4230 837 4284 in
852 4227 1007 4284 venerabili
1023 4227 1199 4284 monasterio
1223 4227 1396 4297 Jerusalem,
1409 4228 1484 4304 quod
1498 4229 1583 4300 juxta
1597 4227 1750 4285 ecclesiam
1765 4227 1834 4284 beati
1853 4223 1907 4282 Petri

256 4330 292 4389 {5
310 4324 433 4400 apostoli
450 4325 578 4399 ponitur,
591 4326 657 4382 lecit
670 4329 779 4382 vestem
791 4325 825 4380 dc
838 4325 957 4382 lundata
968 4341 1034 4380 cum
1047 4323 1195 4392 orbiculis,
1208 4324 1238 4380 in
1253 4323 1376 4380 circuitu
1391 4329 1524 4383 ornatam
1535 4341 1603 4380 cum
1615 4325 1683 4395 licta
1694 4325 1730 4382 de
1745 4322 1907 4398 chrysoclavo,

309 4439 376 4482 oum
391 4421 462 4478 velis
477 4439 511 4478 ex
527 4421 644 4477 imizino
659 4422 784 4496 duobus
796 4427 824 4478 et
835 4422 870 4478 de
881 4421 1001 4477 fundato
1012 4421 1116 4476 tribus.
1129 4421 1193 4493 lpse
1207 4436 1274 4476 vero
1289 4421 1374 4488 aDeo
1387 4425 1536 4494 protectus
1548 4420 1725 4493 venerabilis
1740 4424 1768 4478 et
1782 4417 1906 4494 preclarus

308 4519 437 4597 pontifex
449 4519 516 4576 fecit
531 4517 710 4592 propitiatori
715 4535 763 4574 um
779 4519 854 4574 sacri
870 4507 971 4574 altaris
981 4517 1058 4574 beati
1071 4517 1145 4573 Petri
1157 4515 1353 4590 apostolorum
1371 4517 1520 4591 principis,
1533 4517 1584 4574 ubi
1595 4518 1817 4575 sacritissimum
1826 4527 1905 4586 corpus

308 4621 373 4692 ejus
389 4617 514 4691 quiescit
528 4615 748 4690 spanoclistum,
762 4614 874 4672 babens
888 4615 1006 4688 quidem
1022 4613 1133 4688 argenti
1149 4613 1239 4671 libras
1255 4615 1438 4688 septuaginta
1449 4621 1478 4671 ot
1492 4615 1576 4688 duas,
1587 4614 1650 4671 auri
1661 4632 1730 4680 vero
1742 4613 1892 4686 octuaginta.

344 4713 420 4773 554
436 4713 529 4786 Hujus
540 4729 605 4770 vcro
617 4713 797 4786 temporibus
809 4713 929 4786 quidam
941 4711 1041 4768 Daniel
1055 4711 1194 4785 magister
1204 4711 1342 4780 militum,
1354 4711 1519 4785 iniquitatis
1529 4729 1562 4771 ac
1572 4710 1703 4777 stultitiae
1715 4712 1789 4776 mole
1799 4711 1904 4770 cecatus,

302 4811 339 4867 ad
355 4809 544 4867 serenissima
560 4810 658 4866 domni
675 4811 812 4866 Ludovici
831 4809 1017 4883 imperatoris
1031 4808 1154 4882 vestigia
1176 4810 1349 4881 properavit,
1365 4808 1449 4883 eique
1465 4809 1558 4872 multa
1578 4809 1652 4880 salsa
1666 4814 1696 4880 et
1710 4807 1820 4866 inutilia
1831 4803 1905 4869 rerba,

308 4905 462 4979 quaeredi
479 4905 661 4963 nullomodo
685 4912 814 4980 possent,
825 4924 914 4980 super
928 4907 1098 4964 Gratianum
1128 4905 1395 4962 eminentissimum
1425 4906 1600 4980 magistrum
1616 4905 1756 4973 militum,
1769 4911 1797 4972 et
1809 4896 1905 4960 Romani

305 5001 407 5077 palatii
422 5002 571 5075 egregium
586 5005 762 5076 superistam
778 5023 811 5061 ac
827 5003 1037 5070 consiliarium,
1047 5003 1141 5066 dicere
1157 5021 1214 5060 non
1230 5002 1382 5059 dubitauit.
1394 5003 1467 5060 Nam
1482 5003 1626 5068 instanter
1640 5021 1707 5082 cum
1723 5001 1868 5080 accusabat
1879 4995 1905 5052 ob

267 5099 289 5184 5
304 5097 441 5158 salsitatis
453 5097 603 5168 invidiam,
621 5101 721 5158 dicens
735 5101 903 5175 imperatori
920 5119 926 5157 :
944 5102 1101 5159 Gratianus
1127 5101 1263 5158 Romanae
1288 5100 1369 5157 urbis
1385 5101 1540 5178 superista,
1556 5118 1643 5175 quem
1658 5117 1792 5186 argaeos
1814 5095 1904 5154 fidelem

305 5215 370 5258 esse
385 5195 513 5264 creditis,
525 5193 597 5252 mihi
614 5196 667 5253 soli
684 5197 713 5253 in
729 5198 815 5256 domo
837 5217 892 5256 sua
911 5198 1036 5254 nimium
1065 5215 1154 5270 super
1169 5199 1295 5270 Francos
1310 5213 1505 5267 murmurans¹
1515 5197 1587 5254 dixit
1601 5186 1730 5255 seorete':
1745 5195 1814 5264 Ouia
1828 5187 1904 5250 Franci

304 5297 377 5354 nihil
393 5293 478 5352 nobis
498 5293 566 5350 boni
583 5293 810 5366 sacrarumque
835 5296 1012 5368 adjutorium
1029 5295 1172 5369 praebent3
1189 5296 1239 5351 sed
1255 5294 1349 5368 magis
1374 5311 1437 5367 quae
1463 5300 1562 5351 nostra
1577 5299 1647 5351 sunt
1660 5292 1799 5350 violenter
1811 5287 1904 5346 tollunt.

303 5399 397 5464 Quare
413 5411 466 5452 nias
481 5394 658 5450 advocamus
673 5390 837 5459 Graecast
852 5409 917 5447 crim
934 5392 976 5448 cis
992 5393 1085 5448 faedus
1101 5389 1181 5463 pacis
1193 5395 1399 5471 componentes
1413 5393 1589 5468 Francorum
1605 5408 1702 5466 regem
1717 5393 1747 5464 et
1761 5392 1865 5466 gentem
1880 5382 1905 5438 dt

299 5498 399 5550 nostro
417 5507 505 5565 regno
520 5494 549 5546 et
563 5487 762 5546 (inminutione
773 5487 952 5561 expellimus?
963 5491 1023 5556 Quo
1035 5488 1133 5544 audito
1144 5504 1211 5544 mox
1221 5488 1377 5561 predictos
1387 5487 1555 5561 imperator,
1565 5489 1708 5554 immenso
1723 5488 1816 5545 lurore
1828 5495 1907 5540 acmo·

250 5593 284 5650 10
304 5607 364 5659 sus,
382 5591 445 5648 aine
460 5589 565 5647 litteris
580 5587 666 5645 ettam
682 5585 717 5641 ad
735 5585 931 5641 Romanorum
948 5585 1065 5641 directis
1081 5583 1246 5658 pontificem
1264 5589 1291 5640 et
1308 5589 1452 5654 senatum,
1464 5586 1586 5654 Romam
1601 5585 1698 5643 venire
1712 5584 1843 5643 volociter
1854 5593 1905 5652 pru·

257 5763 261 5772 ¹
823 5701 947 5745 utinum
968 5699 1159 5744 nituulnanas
1179 5699 1338 5745 titanorum

268 5785 307 5858 (o)
322 5787 403 5844 Forte
417 5781 622 5843 himinaribus.
