4040 6170
210 159 287 225 last
780 161 987 227 inassueti
1009 163 1332 228 ststtovttucnnlt.
1812 175 1872 240 {288

227 293 264 352 io
281 295 369 352 corde
382 293 490 352 obtulit
504 297 563 350 tres
577 293 721 380 gabathas
737 296 1007 370 saxiscas.Signum
1018 295 1124 354 Christi
1139 295 1228 353 habet
1242 295 1395 354 historiam
1411 293 1441 351 in
1457 290 1577 351 modum
1592 293 1682 353 leonis
1696 291 1873 377 incapitalem,

280 405 347 448 cum
363 383 485 450 diversis
501 391 638 464 operibus
653 393 820 465 purissimis
836 394 943 462 eureis,
955 395 1151 468 pendentibus
1175 395 1204 450 in
1232 393 1376 450 catenulis
1400 396 1537 467 quatuor,
1560 396 1588 449 ct
1614 394 1716 452 uncim
1738 413 1799 455 uns.
1819 401 1875 462 item

250 489 253 495 “
279 489 439 562 gabatham
455 490 598 548 saxiacum
614 489 703 548 habet
717 493 747 547 in
762 493 884 549 modum
900 492 1005 550 Leonis
1022 492 1142 562 IV,cum
1159 491 1282 549 diversis
1296 491 1427 548 historiis
1443 489 1668 563 serpentium,et
1681 491 1710 548 in
1724 495 1876 556 medioma-

278 592 338 646 tcm
353 588 514 660 pineam,st
522 593 650 660 quatuor
663 589 809 646 leunculis
819 589 1056 662 exauratam,qul
1072 590 1201 664 pendent
1214 589 1244 646 in
1259 588 1429 646 catenulis3
1444 592 1474 645 et
1487 588 1593 644 uncino
1605 605 1672 646 uno.
1684 589 1751 646 item
1759 593 1876 665 mathus

278 683 417 742 saxiscas.
428 685 469 742 iix
479 685 587 758 quibus
602 685 691 743 habet
706 685 831 760 singulis
845 685 983 761 operibus
998 685 1145 744 exauratis
1160 686 1320 760 pendentes
1334 680 1522 742 in'cateaulis
1537 683 1632 742 tribus
1655 689 1683 741 et
1698 685 1808 748 uncinos
1820 707 1876 764 quc·

240 783 258 838 5
277 785 357 851 tucr;
371 783 525 854 exquibus
540 782 628 839 habet
642 799 733 839 unam
748 785 874 858 gemmis
889 784 997 842 vitreis.
1015 787 1082 852 Qus
1097 784 1224 841 domnus
1239 784 1309 841 item
1330 782 1486 856 Gregorius
1511 787 1633 856 quartus
1656 783 1776 856 pontifex
1795 786 1876 845 libenti

277 878 383 936 obtulit
396 879 506 936 animo.
1549 897 1553 906 ¹

312 978 390 1034 m
403 977 463 1034 lma
477 993 543 1034 vero
559 977 665 1035 obtulit
673 979 736 1051 jam
751 977 849 1035 dictus
864 977 969 1052 presul
984 979 1013 1035 in
1025 977 1148 1036 ecclesia
1170 977 1297 1036 doctoris
1326 977 1457 1052 gentium
1479 975 1556 1034 beati
1579 975 1660 1034 Pauli
1683 978 1797 1052 apostoli
1809 982 1877 1038 corti·

277 1091 345 1131 nam
361 1075 514 1132 hrndatam
530 1077 706 1148 pendentem
720 1077 751 1132 in
767 1092 833 1133 arco
848 1077 1068 1150 triumphalem,
1080 1077 1236 1134 habentem
1251 1075 1281 1132 in
1296 1076 1393 1133 medio
1409 1072 1663 1133 annuntiationem
1683 1081 1710 1132 et
1724 1075 1876 1136 nativitatem

277 1172 393 1231 Domini
409 1173 501 1231 nostri
515 1174 585 1230 iesu
600 1173 717 1230 Christi.
735 1173 808 1230 Item
823 1174 918 1231 velum
934 1173 1083 1232 cloverum
1101 1191 1195 1230 unum
1215 1174 1346 1248 pendens
1365 1174 1395 1230 in
1415 1173 1580 1248 regularem
1604 1173 1659 1230 sub
1679 1173 1823 1248 imaginem
1842 1193 1876 1232 ar·

276 1273 421 1344 genteam,
437 1270 550 1328 babens
563 1271 716 1328 historiam
730 1271 924 1345 imperatoris.
942 1271 983 1328 Ibi
999 1272 1063 1344 ipse
1077 1269 1141 1328 iecit
1157 1276 1184 1328 et
1199 1272 1257 1328 alie
1272 1272 1329 1329 dno
1346 1271 1461 1329 modica
1474 1270 1519 1328 vel
1544 1268 1676 1342 fundata,
1691 1287 1751 1345 que
1774 1273 1877 1345 pendent
1967 1259 1968 1284 ¹

240 1369 258 1424 5
276 1365 306 1424 in
322 1368 445 1425 circuitu
462 1368 573 1436 altaris,
589 1369 756 1442 habentque
771 1369 832 1426 lara
847 1367 951 1442 viginti
967 1367 1189 1442 quinquatria
1212 1386 1276 1442 que
1300 1365 1429 1443 pendent
1451 1367 1482 1425 in
1507 1368 1686 1442 presbyterio
1710 1385 1819 1426 numera
1830 1371 1875 1426 tl:
1967 1407 1968 1410 η

274 1467 339 1523 vela
352 1466 475 1523 fundata
490 1484 553 1540 qum
569 1467 697 1540 pendant
711 1466 747 1524 ad
763 1483 849 1525 arcus
864 1467 990 1540 majores
1005 1481 1127 1524 nurnero
1142 1467 1347 1541 quadraginta.
1365 1467 1397 1524 ln
1413 1466 1556 1523 ciborium
1581 1465 1676 1540 ipsius
1696 1465 1813 1526 ecclesie
1825 1469 1878 1524 iecit

275 1564 337 1622 vela
352 1570 485 1639 quatuor.
503 1565 569 1620 Pari
586 1565 671 1621 modo
687 1569 716 1621 et
730 1565 760 1621 in
779 1563 903 1622 ecclesia
928 1562 1005 1622 beati
1030 1560 1138 1622 Christi
1163 1564 1301 1638 martyris
1327 1564 1442 1638 Georgii
1465 1564 1534 1622 fecit
1558 1563 1678 1621 velada
1700 1564 1811 1620 fundato
1830 1573 1875 1633 s'ex,
1967 1555 1968 1634 i

274 1661 413 1720 habentia
428 1663 456 1718 in
473 1662 598 1719 circuitu
613 1662 796 1736 gammadias
809 1663 844 1719 de
859 1661 1003 1735 octapulo.
1020 1663 1086 1735 ipss
1100 1676 1167 1720 vero
1182 1679 1199 1718 a
1213 1659 1271 1719 Deo
1288 1665 1435 1737 protectus
1461 1665 1489 1718 et
1512 1660 1671 1736 preclarus
1693 1659 1813 1737 pontifex
1827 1662 1877 1718 fecit

274 1755 305 1816 ia
320 1759 498 1817 monasterio
512 1759 607 1817 sancti
621 1760 704 1817 Sabe
717 1763 826 1816 vestem
842 1760 877 1816 de
890 1760 1004 1816 clavero
1019 1775 1087 1816 cum
1102 1758 1408 1829 leonibus,babcntem
1423 1756 1580 1832 periclysin
1595 1758 1632 1815 de
1647 1756 1876 1832 octapuloilerun

222 1859 256 1913 lli
274 1858 362 1915 etiam
378 1862 406 1915 et
420 1858 450 1914 tn
464 1857 642 1915 monasterio
657 1856 750 1914 sancti
765 1856 912 1914 Anastasii
927 1857 1063 1930 martyris
1078 1857 1180 1914 eodem
1192 1857 1279 1914 mado
1293 1857 1362 1913 fecit
1375 1861 1485 1914 vestem
1496 1857 1531 1913 dc
1547 1852 1755 1924 stauracl,cum
1769 1855 1877 1930 periclysi

274 1955 310 2011 de
325 1955 517 2028 quadrapulo.
535 1955 687 2028 Simulque
702 1960 730 2012 et
741 1954 772 2011 in
787 1955 964 2012 monasterio
979 1954 1070 2011 ssncti
1085 1955 1216 2022 Andreas,
1233 1955 1310 2028 quod
1326 1953 1491 2028 appellatur
1505 1953 1533 2010 in
1542 1954 1616 2012 clivo
1632 1954 1743 2020 Scauri,
1758 1954 1819 2010 fecit
1830 1969 1877 2008 res·
1967 1999 1968 2010 2

273 2057 332 2108 tem
346 2054 381 2108 de
397 2053 535 2120 stauraci,
551 2069 618 2109 cum
635 2051 769 2126 periclysi
786 2053 821 2110 de
837 2052 971 2126 actupulo
988 2069 1087 2109 unam.
1105 2051 1161 2110 Sed
1177 2055 1204 2109 et
1228 2053 1258 2109 in
1282 2051 1460 2108 monasterio
1485 2055 1594 2108 sancte
1618 2051 1734 2126 Agathe
1755 2049 1877 2124 martyris,
1967 2059 1968 2070 ¹

274 2167 337 2222 quaa
353 2151 472 2223 ponitur
486 2167 575 2222 super
588 2151 761 2217 Saburram,
778 2151 846 2206 iecit
862 2155 971 2206 vestem
988 2151 1022 2206 de
1037 2149 1162 2217 clavero,
1179 2167 1246 2206 cum
1263 2148 1397 2223 periclysi
1412 2149 1448 2206 de
1463 2149 1598 2222 octapulo
1625 2167 1724 2206 unam.
1738 2143 1840 2204 Necnon
1857 2152 1878 2203 st

274 2253 302 2302 et
315 2248 345 2303 in
363 2246 539 2303 monasteria
555 2247 647 2303 sancti
664 2247 775 2302 [irasmi
792 2247 859 2303 fecit
871 2253 979 2303 vestem
996 2248 1031 2302 de
1046 2247 1184 2316 stauraci,
1201 2263 1267 2302 cum
1285 2246 1419 2322 perielysi
1436 2247 1471 2303 de
1485 2242 1622 2320 oclapnlo
1637 2263 1737 2304 unam.
1751 2242 1877 2302 Enimvem

221 2345 258 2405 l5
276 2353 304 2404 et
319 2349 348 2403 in
364 2344 499 2401 diaconia
513 2348 621 2400 sancte
639 2343 743 2410 Lucia,
759 2361 823 2416 quc
839 2344 958 2417 ponitur
971 2344 1001 2399 in
1017 2350 1128 2417 septem
1144 2343 1223 2413 Viae,
1239 2345 1307 2400 feeit
1321 2349 1430 2401 vestem
1446 2346 1482 2401 de
1497 2343 1623 2414 clavero,
1640 2361 1707 2401 cum
1723 2340 1841 2416 perielvsi
1851 2342 1877 2396 de

274 2443 409 2519 octapufa
424 2457 524 2499 unam.
542 2440 621 2498 Fecit
642 2443 740 2497 autem
755 2440 783 2496 in
801 2440 926 2498 oratorio
943 2445 1049 2497 sancta
1065 2440 1170 2510 Lucis,
1187 2458 1251 2513 quae
1267 2441 1386 2515 panitur
1400 2441 1429 2498 in
1445 2441 1623 2499 monasterio
1637 2441 1673 2498 de
1688 2438 1819 2511 Serenati
1831 2455 1878 2494 ves

272 2549 331 2601 tem
347 2543 382 2599 de
396 2539 511 2598 olovsro
525 2555 593 2595 cum
603 2537 746 2608 leonibus,
764 2537 920 2595 habentem
936 2537 1092 2612 periclysin
1107 2538 1143 2594 dc
1158 2538 1303 2612 octapulo.
1316 2538 1411 2595 Simili
1426 2539 1513 2596 moda
1528 2544 1557 2596 et
1571 2536 1602 2597 in
1618 2537 1789 2596 monasieric
1802 2535 1876 2592 suncti

272 2638 403 2700 Silvestri
425 2636 493 2694 fecit
519 2641 630 2693 vestem
654 2636 691 2692 ds
715 2635 839 2704 olorem,
856 2652 923 2692 cum
945 2635 1079 2710 periclysi
1104 2635 1141 2692 de
1156 2635 1301 2708 octapulo.
1317 2633 1411 2692 Simili
1426 2636 1513 2693 modo
1528 2642 1557 2694 et
1571 2637 1603 2693 in
1619 2635 1790 2694 monasterio
1803 2629 1878 2690 sancti

233 2753 245 2768 ⁴
272 2735 404 2798 silvestri
419 2733 487 2792 fecit
500 2739 610 2791 restem
626 2733 662 2790 dc
672 2732 796 2802 clavero,
812 2748 880 2789 cum
891 2732 1043 2807 periclysis
1057 2732 1094 2790 de
1108 2732 1243 2806 octapulo
1259 2749 1359 2790 unam.
1370 2731 1414 2790 Ibi
1429 2733 1492 2808 ipse
1506 2733 1575 2791 fecit
1587 2738 1699 2792 vestem
1723 2733 1758 2790 de
1780 2729 1879 2787 fundato

217 2840 253 2896 20
271 2853 340 2895 cum
356 2833 487 2909 gryphis,
503 2831 659 2888 habentem
674 2829 832 2904 periclysin
846 2831 881 2887 dc
897 2828 1033 2888 biatthin.

307 2935 384 2991 m
401 2931 466 2989 Pari
481 2930 568 2986 modo
583 2935 612 2986 et
625 2929 656 2985 in
671 2929 849 2986 monasterio
865 2932 973 2985 sancte
988 2927 1124 2987 Praxedis
1136 2929 1203 2985 fecit
1213 2931 1323 2986 vestem
1334 2929 1369 2986 de
1380 2927 1494 2986 olovcro
1506 2946 1574 2987 cum
1586 2922 1723 3004 periclysi
1732 2929 1766 2985 da
1775 2924 1880 2985 eburaci

273 3047 373 3090 unam.
391 3030 456 3103 Ipse
469 3045 537 3085 vero
552 3044 569 3084 a
584 3027 641 3083 Deo
653 3029 801 3100 protectus
817 3030 845 3082 et
857 3027 1015 3099 praeclarus
1031 3025 1160 3100 pontifex
1176 3025 1243 3083 fecit
1256 3025 1286 3082 in
1302 3027 1424 3084 basilice
1446 3027 1573 3084 doctoris
1599 3023 1704 3084 mundi
1725 3025 1796 3083 beati
1817 3020 1881 3079 Pauli

216 3191 222 3194 ,
272 3127 397 3204 apostoli
415 3127 479 3183 vela
494 3127 530 3182 ds
545 3123 730 3198 chrysoclavo
740 3140 793 3197 por
807 3139 893 3180 arcus
908 3123 1231 3198 presbyterii‚babentia
1243 3123 1399 3181 historiam
1409 3123 1503 3198 ipsius
1513 3125 1592 3181 beati
1606 3121 1690 3182 Pauli
1704 3119 1881 3198 apostoli,etin

272 3227 397 3286 circuitu
411 3225 513 3281 tisiam
528 3239 595 3280 cum
612 3237 823 3294 auro,numero
838 3221 940 3295 viginti
955 3225 984 3278 el
997 3221 1207 3295 septemHice
1222 3220 1280 3278 Deo
1295 3221 1404 3278 electus
1420 3226 1449 3278 et
1458 3220 1617 3297 preclarus
1627 3221 1749 3280 antistes
1760 3217 1851 3278 obtulit
1859 3216 1881 3271 ia

235 3329 254 3384 5
271 3323 394 3383 ecclesia
403 3325 495 3381 beetae
506 3321 556 3379 Dei
567 3319 723 3377 Genitricis
738 3335 912 3393 semperque
921 3317 1051 3393 Virginis
1066 3317 1162 3376 Maria
1174 3319 1299 3375 domins
1309 3323 1518 3393 nostrae,quam
1530 3334 1674 3378 vocamus
1682 3313 1779 3374 calixti
1792 3320 1817 3372 et
1829 3313 1881 3370 Cor-

271 3423 477 3492 nelii,coronas
491 3424 642 3494 argenteas
654 3419 1040 3490 duas,perunamquamque
1049 3415 1628 3491 delphinasduodecim,pensan.insimul
1640 3417 1731 3474 libras
1741 3411 1880 3472 duodecim.

272 3519 426 3591 Simulque
440 3517 513 3574 etin
528 3516 663 3572 diaconia
677 3515 754 3571 beati
769 3515 875 3572 Christi
893 3515 1028 3589 martyris
1043 3515 1156 3589 Georgii
1174 3517 1241 3573 fecit
1251 3533 1388 3574 corenam
1400 3518 1435 3574 de
1446 3519 1566 3590 argento
1575 3519 1753 3585 unem,cum'
1759 3506 1881 3584 delphinis

271 3616 437 3683 duodecim,
453 3629 575 3686 pensan.
592 3612 682 3669 libras
697 3629 757 3669 sex.
775 3611 838 3685 lpse
852 3629 918 3668 vero
934 3629 951 3668 a
966 3617 1021 3669 Deo
1034 3617 1183 3685 protectus
1198 3619 1225 3670 et
1239 3614 1396 3687 praeclarus
1411 3613 1540 3686 pontifex
1555 3611 1622 3670 fecit
1640 3613 1670 3669 in
1685 3609 1880 3670 basilicabeais

272 3713 323 3770 Dei
339 3711 493 3770 Genicricis
508 3725 681 3782 semperque
691 3707 820 3782 Virginis
836 3709 932 3766 bieria·
948 3709 1071 3765 domine
1085 3715 1201 3779 nostre,
1218 3727 1307 3783 quam
1323 3711 1449 3768 dicimus
1464 3709 1567 3768 Calixti
1582 3715 1611 3768 et
1626 3707 1763 3779 Cornelii,
1776 3705 1881 3764 canistra

218 3813 254 3870 lli
272 3813 409 3884 argentea
421 3806 680 3882 *qnatunnlegente
694 3811 796 3863 sancta
811 3805 1161 3880 DeiGcnitrice,Gregorii
1177 3808 1272 3881 quarti
1287 3806 1606 3882 pape,pensan.libras
1616 3807 1722 3880 viginti
1732 3810 1758 3862 et
1768 3807 1880 3878 quatuor.

270 3909 307 3965 st
321 3909 350 3966 in
367 3907 451 3964 altari
467 3919 582 3980 quoque
596 3905 728 3977 ejusdem
742 3903 901 3960 tabulasde
915 3908 1045 3977 argento,
1061 3919 1181 3977 pensan.
1193 3903 1283 3962 libras
1294 3909 1411 3962 centum
1427 3909 1456 3963 et
1470 3905 1621 3962 tredecim.
1638 3903 1718 3962 fecit
1732 3903 1880 3960 idemvens·
1967 3971 1968 3974 Ἴ

271 4005 373 4064 rabilis
388 4021 465 4079 papa
479 4005 508 4060 in
524 4004 625 4060 eodem
640 4007 740 4060 sancto
755 4001 818 4059 laco
834 4001 911 4058 inira
926 4001 1071 4058 ambitum
1082 4002 1175 4075 ipsius
1194 4003 1322 4060 ecclesie
1341 4021 1493 4077 operosam
1508 4003 1705 4076 decoramque
1718 3997 1880 4060 resurrectio·

271 4121 350 4161 nem.
362 4103 435 4160 Nam
451 4101 533 4177 prins
549 4101 639 4158 altare
655 4100 683 4156 in
700 4098 807 4156 humili
822 4099 886 4156 laco
902 4099 992 4157 situm
1008 4101 1102 4158 fuerat
1115 4117 1190 4174 pene
1204 4099 1234 4156 in
1251 4101 1349 4157 media
1363 4099 1600 4170 testudine,circa
1611 4099 1690 4174 quod
1707 4097 1785 4174 plebs
1792 4095 1880 4154 utrius·

274 4219 331 4276 que
347 4217 434 4258 sexus
449 4198 634 4270 conveniens,
651 4198 779 4272 pontifex
794 4213 861 4254 cum
876 4198 951 4255 clero
966 4197 1043 4272 plebi
1058 4199 1178 4256 confuse
1193 4199 1323 4256 immisto
1339 4215 1422 4256 sacra
1436 4197 1575 4271 mysteria
1589 4197 1762 4256 celebrabat.

306 4301 384 4357 m
398 4299 453 4355 Sed
469 4299 498 4354 et
512 4301 613 4354 sancta
629 4313 750 4369 corpora
765 4296 919 4353 bealorum
934 4295 1036 4352 calixti
1050 4299 1079 4352 el
1094 4295 1217 4353 Cornelii
1244 4301 1273 4353 et
1294 4295 1441 4370 Calepodii
1463 4295 1494 4352 in
1516 4296 1655 4352 mediana
1679 4291 1763 4370 plaga
1776 4289 1880 4350 ecclesa

270 4397 416 4454 tumulate
430 4400 497 4470 post
510 4403 625 4469 tergum
643 4393 742 4467 populi
747 4394 877 4466 jacentia
886 4411 945 4453 nsn
957 4392 1100 4468 condigne
1111 4393 1390 4451 honorificabantur.
1398 4393 1479 4462 Quod
1491 4391 1733 4466 religiosissimus
1742 4392 1813 4448 idem
1821 4402 1880 4462 papa

269 4509 329 4552 uon
344 4494 405 4552 leve
419 4493 498 4563 tulit,
512 4493 564 4550 sed
580 4491 679 4548 solerti
699 4490 844 4575 solitoque
858 4491 954 4548 studio
970 4507 1037 4548 cum
1054 4491 1158 4548 intima
1170 4490 1316 4548 industria
1335 4506 1455 4565 operam
1481 4489 1635 4561 adhibens,
1652 4489 1804 4546 mirificum
1822 4499 1880 4559 opus

269 4592 412 4650 inchoans
428 4591 538 4666 optime
553 4589 858 4647 consummavitNam
869 4589 973 4646 effosso
989 4589 1171 4647 clandestino
1186 4593 1270 4646 antro
1285 4604 1405 4646 summa
1419 4605 1486 4644 cum
1499 4585 1791 4663 reverentia‚praelata
1799 4587 1879 4642 sacch

235 4691 253 4745 5
271 4705 392 4764 corpora
403 4689 517 4746 elevans
531 4688 562 4745 in
577 4685 748 4745 occidentali
764 4685 850 4760 plaga
863 4686 995 4760 ejusdem
1007 4687 1204 4757 ecclesiae,boo
1219 4687 1306 4743 estin
1321 4685 1433 4743 ambitu
1449 4679 1880 4755 absidae‚honoriflcecoilsccndo

271 4785 408 4856 occuluit,
420 4788 497 4844 circa
512 4800 634 4860 qusque
651 4785 784 4842 maximas
800 4784 886 4842 molis
901 4787 1375 4860 aggravansaggerem,comptum
1391 4782 1535 4840 ministris
1550 4777 1700 4856 lapidibus
1713 4774 1880 4839 tribunaleri·

272 4899 343 4957 gens
358 4882 662 4958 decoravit,supraque
678 4883 890 4941 confessionem
906 4883 1109 4958 respicientem
1125 4883 1162 4940 ad
1176 4887 1273 4940 crtum
1285 4881 1355 4939 solis
1367 4881 1432 4938 miri
1442 4880 1539 4938 odoris
1549 4878 1704 4938 celaturas
1715 4882 1878 4938 ornatacom·

271 4981 377 5055 pagine
392 4983 630 5054 coaptavitlnfra
645 4987 868 5057 consurgentem
884 4983 1030 5056 siquidem
1046 4982 1130 5040 basin
1146 4981 1328 5052 altaris,miri
1339 4981 1435 5052 metri,
1443 4985 1471 5038 et
1479 4984 1600 5039 ornatus
1611 4979 1730 5037 modulo
1740 4995 1773 5036 ex
1783 4973 1879 5048 antn

270 5077 470 5152 perspicacia
486 5076 625 5136 honorem
642 5085 748 5137 sanctas
764 5080 815 5137 Dei
831 5080 986 5139 Genitricis
1001 5097 1175 5155 semperque
1184 5079 1313 5156 Virginis
1328 5079 1436 5148 Maris,
1446 5077 1522 5136 elata
1533 5077 1645 5136 scillcet
1652 5074 1755 5153 priori,
1762 5069 1881 5133 erexitin·
1967 5139 1968 5142 Ἴ

136 5167 145 5179 ’
218 5177 254 5234 l0
272 5179 316 5234 ter
330 5177 541 5250 consurgentes
553 5174 669 5249 pulchri
684 5179 780 5252 operis
796 5179 904 5253 gradm
918 5183 986 5236 anta
1004 5197 1095 5252 quam
1119 5177 1335 5254 presbyterium
1362 5178 1494 5252 amplum
1516 5171 1628 5250 operosi
1654 5173 1750 5250 operis
1770 5168 1880 5229 funditus

272 5271 444 5332 construxit.
461 5271 513 5331 Cui
529 5289 563 5328 ex
578 5274 797 5346 septentrionali
811 5276 899 5351 plaga
912 5277 1062 5351 lapidibus
1073 5277 1150 5335 circa
1164 5281 1280 5351 septum
1296 5280 1481 5333 matroneum
1491 5271 1639 5350 apposuit.
1656 5271 1714 5332 Sed
1728 5275 1756 5330 et
1769 5271 1879 5328 decorem

271 5371 356 5431 altari
372 5373 529 5440 addensat
543 5369 666 5428 Matrem
684 5372 799 5429 bomini
812 5375 924 5432 meritis
938 5374 1086 5433 honorans
1100 5371 1359 5446 muneribus,fscit
1368 5373 1478 5431 ibidem
1488 5373 1598 5431 vestem
1609 5367 1818 5448 chrysochrus
1827 5375 1879 5420 cum

248 5509 256 5520 -
271 5469 363 5527 blatta
378 5470 528 5544 byzantea,
544 5469 700 5526 habentem
714 5469 868 5526 historiam
883 5471 1044 5530 nativitatis
1059 5478 1088 5531 et
1103 5470 1324 5531 resurrectionis
1339 5469 1456 5529 Domini
1473 5469 1565 5530 nostri
1580 5467 1651 5530 iesu
1665 5455 1771 5527 Christi
1785 5481 1793 5521 ι
1807 5465 1832 5520 sl
1844 5459 1879 5514 in·

272 5585 361 5641 super
375 5567 534 5644 imaginem
550 5567 640 5625 beate
654 5567 705 5624 Dei
720 5567 874 5625 Genitricis
888 5567 982 5625 liaris
998 5569 1174 5628 refoventem
1189 5569 1348 5643 imaginem
1364 5568 1504 5628 oblatoris
1519 5567 1648 5644 sui.lpse
1661 5571 1729 5624 vcr'i)
1742 5581 1760 5622 a
1772 5551 1880 5632 Daaprv

220 5667 255 5724 15
273 5669 368 5723 tectus
382 5665 716 5741 etpraeclaruspontifex
729 5666 797 5725 fecit
812 5683 894 5724 amas
907 5671 1059 5740 argenteas
1075 5685 1135 5738 aex,
1152 5685 1215 5742 quas
1230 5669 1399 5741 precedunt
1412 5684 1464 5741 per
1486 5684 1589 5725 omnes
1608 5663 1758 5734 stationes,
1776 5669 1878 5734 pentin-

272 5763 363 5820 libras
379 5765 535 5823 tresdecim
552 5783 559 5823 :
575 5765 701 5840 scyphos
715 5767 800 5837 duos,
816 5781 939 5839 pensan.
956 5763 1066 5839 singuli
1081 5763 1171 5823 libras
1187 5764 1441 5840 10,gemmiliones
1456 5769 1532 5835 acto,
1543 5757 1797 5841 pensansingulca
1805 5753 1878 5812 libili

273 5861 357 5920 duas.

307 5955 384 6020 Ait
400 5955 466 6018 ileo
481 5959 607 6040 denique
620 5965 777 6045 postquam
792 5961 903 6036 omnia,
914 5961 973 6024 Deo
988 5958 1112 6031 favente,
1128 5975 1146 6018 a
1160 5957 1314 6036 sepedicto
1329 5963 1467 6040 pontifics
1489 5963 1625 6027 decenter
1644 5949 1838 6042 existiterunt
1850 5955 1878 6004 il
