3998 6158
131 220 190 285 837
519 227 704 291 tttst'ottta
725 229 777 292 DE
798 229 901 295 vltis
924 229 1018 294 atat.
1041 233 1157 296 PON'P.
1171 269 1208 280 ·-
1223 235 1255 296 S.
1279 235 1450 300 nonullo.
1779 234 1838 303 838

131 357 210 432 (eum
226 355 338 414 ceteris
354 355 431 413 enlm
444 358 528 415 dunis
544 358 605 428 Dei,
616 361 704 418 etiam
717 361 881 420 divinorum
893 365 961 438 dug·
977 371 1001 429 Α
1018 383 1050 420 eo
1075 366 1110 422 de
1133 366 1243 423 eisdem
1273 366 1409 441 capitulis
1438 367 1643 440 pertractabat,
1668 371 1839 432 adversatus

131 433 245 486 matum
261 427 431 502 locupletari
443 430 564 487 scientia
579 433 698 516 meruit)
706 434 780 518 Ιἀιιιῐιι
797 437 961 510 redarguis·
1016 441 1070 503 est,
1082 441 1111 492 ut
1126 438 1299 494 contradixit
1317 440 1353 521 art
1375 441 1458 522 unius
1483 443 1648 523 operationis
1671 441 1838 524 Capitulum,

130 506 176 557 set
187 505 274 584 atque
285 500 492 584 depompasset
501 519 619 575 pravam
632 521 695 576 epus
706 511 884 579 impietatem
897 525 961 580 pro·
1015 510 1089 564 eluas
1098 511 1281 592 operationes
1289 511 1393 566 Chrtsh
1405 511 1455 566 Dur
1466 513 1559 568 nostrl
1568 513 1690 585 dignam
1702 514 1839 586 mquiens

130 573 209 628 lanis
224 589 289 644 epus
304 576 421 630 astutus
437 578 544 630 sancte
561 579 665 631 nostrae
676 577 820 647 Ecclesia,
833 584 960 636 utrarus
1015 597 1137 636 censeri.

129 646 197 717 ejas
211 647 613 768 ppopugnatur,pecta,alque
624 647 959 730 immaculataedirerso
1050 651 1075 706 9.
1090 651 1300 708 Pranuminato
1316 655 1413 708 autem
1427 652 1612 709 sanctissimo
1625 671 1710 728 papa,
1742 671 1839 714 resen

130 720 217 789 pratu
231 719 254 770 rt
268 714 416 797 dogmata,
433 721 510 772 mter
530 733 594 790 qum
618 723 646 773 et
669 736 758 775 unius
782 722 960 793 operationis
1016 723 1068 777 tim
1084 723 1109 779 ei
1125 723 1293 779 testimonia
1315 724 1510 806 quarumdam
1528 731 1695 780 sanctorum
1720 672 1839 786 Batrum

128 785 238 843 Christi
252 801 312 842 verr
330 786 379 843 Dei
395 788 486 843 nostri
503 789 679 845 mentionem
696 791 802 847 effecit.
1014 794 1188 866 proterente,
1200 795 1356 868 dispersim
1372 795 1400 850 in
1418 795 1594 868 quibusdam
1610 797 1761 868 opusculis
1775 800 1838 856 suis

165 859 193 914 3.
210 855 279 913 Post
293 856 411 930 aliquod
427 874 494 916 vero
515 865 632 934 tempus
655 861 732 918 idem
749 881 765 918 a
780 863 838 920 lieu
854 865 958 920 cuntir·
1015 881 1104 921 unam
1116 865 1313 938 operationem
1330 865 1526 922 asserentium
1543 867 1578 922 ad
1594 865 1654 923 hae
1670 884 1794 940 queque,
1811 873 1840 927 et

129 931 230 984 matus
245 928 413 1000 imperatur,
425 930 455 985 in
471 931 620 1004 provincia
633 933 774 989 Lazarum
791 935 957 1006 adveniens,
1014 937 1225 994 exabundanti
1242 937 1401 1009 inquiente,
1417 937 1494 1010 quud
1511 936 1661 994 multoties
1677 939 1768 994 sancti
1786 941 1839 997 Pa·

128 1000 303 1056 recordatus
317 1005 363 1056 est
377 1001 598 1074 disputationis,
613 1020 701 1076 quam
718 1005 805 1077 (sieut
819 1006 959 1080 diximus)
1015 1011 1073 1063 tres
1089 1008 1191 1074 nostri,
1205 1012 1238 1063 ut
1251 1008 1438 1064 lucrarentur
1458 1008 1652 1081 plurimarum
1671 1009 1838 1068 animarum

129 1073 237 1128 lecerat
249 1071 285 1127 ad
302 1070 425 1128 Paulum
441 1072 525 1129 illum
539 1073 794 1144 hereticamcum
806 1079 960 1150 praesentia
1015 1078 1150 1146 salntem,
1162 1080 1232 1134 dum
1249 1079 1320 1134 talia
1330 1083 1512 1154 emergerent
1524 1081 1657 1152 capitula,
1669 1081 1722 1137 lieu
1730 1083 1839 1154 placitae

129 1143 150 1199 C
188 1144 196 1198 i
207 1143 476 1215 sanctissimi,tunc
490 1143 608 1228 quidem
618 1147 749 1218 ejusdem
759 1148 871 1205 Christo
883 1167 960 1206 ama·
1015 1149 1283 1222 dispensationibus
1294 1167 1326 1206 ac
1337 1150 1451 1223 placitis
1460 1151 1505 1207 usi
1517 1151 1840 1220 luissevidentur,nihil

128 1213 199 1272 bris
215 1215 358 1270 Lazarum
374 1216 527 1287 pruvinum
540 1215 904 1290 m'etropelitanamsedem
920 1226 960 1277 te·
1014 1221 1223 1277 desubtilitate
1239 1227 1382 1278 recturum
1404 1220 1536 1278 Ecclesia
1552 1223 1588 1278 du
1641 1226 1722 1279 atum
1742 1224 1839 1308 exagi-

130 1284 242 1354 nentis,
255 1303 333 1342 nune
344 1291 442 1342 autem
453 1303 591 1369 magnam
601 1288 804 1346 Alexandriam
819 1293 957 1364 regentis.
1014 1297 1120 1359 tantos,
1133 1297 1163 1348 et.
1176 1293 1299 1357 dicente,
1317 1293 1394 1365 quud
1418 1297 1550 1366 oporteat
1578 1310 1597 1349 u
1614 1295 1681 1366 ique
1704 1294 1792 1352 etiam
1807 1313 1838 1353 m

130 1357 293 1413 Praedictus
308 1357 399 1430 igitur
418 1359 623 1416 sanctissimus
638 1361 691 1430 vir,
706 1361 750 1418 his
765 1362 882 1429 auditis,
895 1365 959 1436 ejus
1014 1364 1160 1436 praesenti,
1173 1365 1243 1420 dum
1261 1369 1408 1420 tantorum
1423 1364 1549 1421 millium
1567 1365 1741 1438 pupularum
1757 1368 1838 1426 salus

129 1428 284 1486 serenitati
297 1430 447 1502 respondit
457 1429 568 1486 nescire
580 1432 736 1500 subtiliter,
747 1437 845 1490 utrum
857 1451 957 1506 unam,
1014 1451 1072 1508 pra.
1084 1435 1221 1492 manibus
1231 1435 1439 1518 punitur,nibil
1450 1436 1486 1492 du
1496 1435 1551 1492 huc
1561 1452 1613 1510 per
1623 1437 1838 1496 contentionem

129 1517 167 1558 aa
185 1500 261 1556 duas
272 1501 455 1582 operationes
466 1501 570 1558 Christi
583 1502 642 1558 veri
658 1503 706 1558 hei
723 1506 813 1560 nostri
830 1511 959 1563 astruere
1015 1505 1158 1572 altercari,
1185 1507 1291 1562 ideireo
1316 1508 1393 1579 qnod
1409 1505 1497 1580 (sicut
1511 1508 1623 1563 dietam
1647 1512 1702 1575 est)
1716 1509 1804 1566 etiam
1821 1525 1839 1567 a

130 1587 253 1628 necesse
269 1575 317 1626 stt.
330 1571 404 1646 Ergo
420 1589 471 1644 per
488 1573 654 1644 jussionem
679 1575 743 1646 ejus
768 1577 894 1650 pietatis,
908 1595 960 1652 per
1014 1577 1191 1650 quibusdam
1205 1578 1296 1634 sacris
1309 1577 1684 1650 Patribusvuxhujusmedi
1695 1579 1772 1636 dicta
1782 1585 1836 1650 est,

127 1641 245 1698 litteras
260 1643 395 1726 proprias
408 1643 597 1719 interrogavit
608 1661 661 1700 nus
672 1645 826 1718 praedictus
837 1649 960 1706 sanctis·
1014 1647 1147 1720 nihilque
1162 1649 1198 1704 de
1220 1648 1275 1704 huc
1297 1648 1421 1705 ledetur
1435 1655 1518 1705 recte
1533 1649 1601 1706 fidei
1625 1650 1708 1718 ratio,
1725 1667 1838 1708 memu-

129 1714 415 1782 simusv1r‚atrum
436 1731 526 1771 unam
551 1716 760 1788 operationem,
778 1735 814 1774 an
839 1720 913 1777 daras
928 1721 957 1776 in
975 1741 998 1806 B
1014 1724 1094 1776 ratus
1110 1719 1167 1774 Deo
1183 1719 1319 1775 amabilis
1335 1719 1516 1794 Sophronias
1536 1720 1623 1777 talum
1646 1722 1838 1796 dispensatiu-

128 1785 396 1843 Salvatorunostro
410 1785 526 1843 Christe
545 1803 663 1844 neeesse
690 1788 727 1844 sit
752 1790 960 1864 dicere;et,si
1014 1789 1489 1864 nemnullatenusacceptutulit.
1576 1859 1581 1870 Ι

149 1858 278 1913 uusdam
294 1873 451 1914 noscamus
471 1862 639 1915 sanctorum
662 1876 696 1916 ac
720 1861 958 1920 beatissimorum
1050 1863 1092 1916 10.
1105 1863 1177 1928 Quia
1192 1861 1281 1935 igitar
1294 1879 1346 1935 pru
1360 1862 1415 1918 hue
1428 1879 1495 1918 eum
1510 1861 1617 1918 litteris
1628 1863 1761 1934 ejusdem
1773 1879 1838 1922 san·

128 1874 251 1986 guttum
268 1945 358 1984 unam
373 1928 503 1986 dicentes
518 1931 739 2003 operationem?
1013 1932 1137 1990 etissimi
1153 1933 1347 1989 comministri
1363 1934 1399 1990 ad
1414 1951 1468 1990 nus
1483 1933 1645 2005 cunjunxit,
1657 1934 1692 1990 de
1703 1934 1757 1990 hoe
1768 1951 1838 2008 quo-

165 2002 193 2055 l.
209 1999 292 2056 Unde
308 2018 361 2058 nus
377 2017 440 2072 que
456 2005 562 2057 nestrae
581 2004 664 2058 erunt
688 2002 815 2059 scientiae
840 2023 892 2079 per
906 2022 959 2062 no·
1013 2004 1167 2076 qaeetiam
1184 2005 1260 2077 apud
1277 2021 1331 2060 nus
1346 2021 1510 2062 sermonum
1527 2005 1669 2061 movenda
1685 2005 1837 2075 insistens,

128 2075 191 2128 stra
213 2070 356 2144 rescripta
380 2072 406 2126 ei
430 2072 671 2144 significavimus,
688 2074 846 2148 dirigentes
870 2078 957 2132 etiarn
1012 2080 1044 2130 ut
1061 2075 1219 2132 dotalibus
1235 2075 1757 2158 adimereturcapitulispustlaetam
1774 2079 1839 2135 uni-

128 2159 297 2200 sermunem
309 2142 545 2200 acclamatorium
558 2144 669 2200 Menae
681 2148 858 2203 sanctissimi
868 2165 960 2220 quun·
1012 2147 1193 2208 tionem.vux
1203 2147 1291 2202 nnius
1304 2165 1320 2202 u
1343 2147 1490 2214 erationis,
1503 2147 1609 2202 durum
1621 2164 1674 2204 nos
1690 2147 1744 2204 hoe
1760 2149 1838 2206 arbi-

127 2215 198 2270 dam
224 2213 398 2286 patriarche
425 2215 515 2286 hujus
531 2215 620 2272 aDeu
647 2220 850 2274 conservandae
874 2220 958 2292 regim
1013 2165 1838 2286 iratisunnisanmugoenimnunessetdurumetralde

127 2285 215 2342 urbis
233 2289 398 2358 perrectum
414 2287 451 2342 ab
467 2305 500 2343 eu
515 2286 563 2343 bic
578 2288 714 2360 prasenti
730 2289 835 2362 Vigilio
851 2296 958 2346 sanctur
1012 2305 1179 2356 onerosum,
1192 2291 1308 2372 quando
1324 2291 1389 2359 hoc,
1406 2289 1549 2346 resolvere
1570 2295 1753 2363 evertereque
1776 2297 1839 2349 erat

127 2356 957 2431 memorispredecessurisanctitatisvestre,babentem
1012 2361 1142 2415 lutrarum
1161 2361 1280 2433 quadem
1295 2377 1411 2416 omnem
1434 2358 1516 2416 illam
1540 2361 1726 2418 concordiam
1750 2368 1838 2436 atque

126 2432 156 2484 et
171 2427 290 2485 diversa
308 2429 476 2486 testimonia
490 2433 612 2502 paterna
635 2430 671 2486 de
696 2447 755 2486 una
779 2433 956 2516 operatione,
1012 2432 1232 2504 unitatemque
1245 2433 1317 2488 bene
1331 2433 1426 2488 luerat
1436 2432 1547 2497 allecta,
1558 2435 1619 2488 tum
1630 2433 1706 2504 apud
1717 2433 1838 2490 Alexan-

126 2504 156 2557 et
171 2517 234 2556 una
249 2501 397 2557 vulcentate
417 2499 576 2557 Salvaturis
599 2501 690 2558 austri
706 2502 813 2559 Christi
832 2504 891 2560 veri
907 2505 957 2561 Dri
1012 2503 1126 2558 drinam
1138 2521 1276 2577 magnam
1288 2502 1444 2570 civitatem,
1456 2519 1545 2574 quam
1557 2503 1836 2575 peruniversassub

127 2571 235 2627 nostri.
1012 2573 1185 2646 provincias,
1198 2591 1261 2647 qum
1277 2575 1357 2629 ntrllu
1372 2580 1502 2645 tempore
1515 2589 1610 2645 usque
1626 2591 1704 2630 nunu
1720 2578 1837 2649 acquie-

162 2644 191 2698 5.
209 2641 289 2698 Nihil
310 2646 407 2698 tamen
431 2642 582 2715 proprium
607 2644 725 2714 penitus
740 2644 769 2700 in
786 2646 957 2718 hujusmodi
1010 2650 1121 2713 verant,
1138 2663 1243 2700 atamen
1262 2645 1364 2701 saltem
1385 2644 1509 2716 simplex
1524 2643 1612 2699 divini
1633 2649 1720 2718 atque
1735 2647 1837 2704 lauda·

124 2713 242 2770 nostris
266 2713 417 2788 rescriptis
441 2713 702 2787 promulgavimus,
730 2716 807 2772 sient
830 2717 959 2791 suppetit
1011 2715 1273 2788 bilisnustripapm
1285 2715 1837 2796 Leonis,autsaneteetmagnauatque

125 2801 218 2841 nosse
242 2801 294 2841 vus
318 2785 543 2854 sacratissimus,
561 2790 590 2842 et
610 2787 775 2858 unanimes,
798 2788 958 2862 relegentes
1011 2786 1184 2843 universalis
1197 2786 1441 2842 Chalcedonensis
1454 2785 1747 2858 spnudrmontiunem
1763 2789 1837 2846 lace·

125 2873 234 2913 eorum
251 2873 315 2929 quas
331 2856 423 2914 missa
437 2861 507 2913 sunt
518 2857 703 2930 exemplaria.
1011 2875 1052 2925 re,
1064 2874 1121 2914 nun
1134 2874 1201 2914 veru
1216 2856 1355 2940 preclara
1368 2861 1397 2914 et
1410 2873 1516 2930 magna
1526 2871 1595 2913 voce
1609 2856 1638 2911 in
1649 2857 1757 2915 divinis
1767 2859 1835 2917 mis·

160 2929 190 2985 6.
210 2926 412 2984 exaltantium
434 2929 553 3002 quidem
568 2945 604 2984 ex
622 2927 672 2986 illo
698 2933 829 3004 tempure
853 2930 957 3004 hujus·
1010 2945 1110 2986 sarum
1126 2945 1241 2985 arcanas
1253 2929 1308 2986 boe
1321 2927 1534 3001 predicantes?
1646 2998 1651 3010 Ι

125 2999 210 3056 modi
227 2999 357 3072 suscepit
371 2999 544 3074 capitulum.
1048 3002 1090 3057 ll.
1102 3001 1202 3056 hlultis
1222 3003 1340 3070 ipitura
1356 3000 1440 3056 nobis
1455 3000 1490 3055 de
1504 2997 1559 3054 hue
1580 3003 1669 3055 mutas
1693 3001 1835 3057 sermoni·

160 3073 191 3127 7.
208 3071 284 3138 Quia
298 3069 389 3145 igitur
411 3077 479 3128 ante
503 3087 624 3145 parvum
640 3074 767 3144 tempus,
785 3078 956 3146 cooperante
972 3111 993 3178 C
1012 3072 1068 3128 bus
1082 3073 1118 3128 ad
1139 3073 1384 3146 prenominatum
1407 3068 1603 3127 venerabilem
1619 3070 1835 3156 'Sophruaiuna

126 3141 226 3216 gratia
238 3141 298 3211 Dei,
309 3142 360 3216 qui
371 3157 474 3200 omnes
484 3141 618 3199 hemines
629 3142 690 3198 vult
700 3142 795 3200 salvus
806 3145 954 3214 heri,etad
1013 3147 1160 3216 postremo
1185 3143 1330 3200 adhortati
1345 3159 1412 3200 eum
1429 3158 1534 3200 sumus
1558 3144 1728 3199 testamenta
1751 3145 1837 3201 nubas

128 3213 314 3287 agnitionem
328 3214 460 3272 veritatis
482 3213 579 3270 venire
595 3230 602 3269 ι
619 3214 667 3287 piu
681 3214 741 3270 zelo
759 3215 911 3273 tortissimi
925 3233 959 3274 ac
1013 3215 1140 3288 prolerre
1150 3218 1318 3271 sanctorum
1329 3231 1362 3270 ae
1372 3212 1567 3288 probabilium
1578 3212 1836 3282 Patrum,illorum

129 3285 318 3342 invictissima
346 3286 446 3360 magni
474 3285 660 3358 imperaturis
687 3286 839 3354 excitatus,
868 3287 959 3362 Cyrus
1011 3286 1233 3359 videlicet,quus
1248 3302 1349 3343 omnes
1365 3283 1836 3344 cummuniterducturesconlite-

130 3355 310 3413 hlexandrie
325 3373 438 3432 magna
453 3355 577 3414 civitatis
593 3356 768 3429 patriarcha,
780 3362 809 3414 ut
823 3375 958 3416 commu·
1012 3374 1088 3426 mur,
1104 3362 1134 3414 et
1148 3373 1274 3430 quorum
1294 3358 1331 3414 do
1353 3363 1431 3414 mata
1446 3359 1474 3412 et
1488 3355 1583 3429 legem
1604 3361 1710 3412 sancte
1726 3357 1776 3414 Dei
1793 3375 1838 3415 cu·

132 3427 179 3484 nis
194 3428 284 3484 irater
307 3433 407 3485 noster
420 3433 449 3486 et
473 3429 665 3485 consacerdos
689 3428 751 3494 Dei,
765 3429 920 3487 amabiliter
933 3439 959 3488 et
1000 3435 1157 3502 ¹gnuscuat
1171 3428 1316 3497 Ecclesia,
1332 3373 1407 3485 {aas
1421 3425 1596 3484 nominatim
1611 3431 1640 3483 et
1655 3428 1727 3500 ipsis
1741 3429 1837 3487 verbis

133 3499 248 3557 uwdmte
262 3499 433 3557 adhortatus
457 3505 501 3556 est
514 3517 574 3568 eos,
590 3500 640 3581 qui
666 3499 696 3554 in
721 3516 828 3574 magna
843 3501 958 3560 civitate
1011 3500 1193 3573 operationes
1208 3499 1238 3555 in
1253 3499 1368 3556 Christo
1383 3499 1522 3556 dicendas
1537 3497 1683 3580 tradentis
1699 3516 1706 3556 :
1721 3499 1770 3558 ille
1785 3517 1837 3558 au·

134 3569 336 3643 Alexandrina,
354 3573 432 3654 quud
455 3570 624 3644 Eutychetts
648 3574 677 3627 et
699 3570 839 3642 Dioscuri,
860 3573 957 3630 Severi
1011 3575 1069 3628 tem
1086 3571 1140 3627 huc
1156 3571 1249 3628 iacere
1264 3571 1382 3645 penitus
1397 3587 1456 3627 aun
1470 3568 1571 3652 cahat:
1592 3637 1599 3650 .

137 3641 498 3716 quequeetluhaui,Deo
519 3641 672 3698 odibilium
702 3641 804 3700 haeresi
833 3643 957 3720 langue·
1049 3645 1090 3699 12.
1104 3644 1161 3699 Nus
1177 3660 1243 3699 veru
1265 3643 1494 3710 considerantes,
1510 3643 1700 3712 incipientem
1724 3657 1759 3697 ex
1782 3642 1838 3700 buu

137 3713 251 3780 rent‚ad
268 3713 442 3771 catholicam
458 3713 617 3771 Ecclesiam
634 3713 779 3782 accedere,
792 3721 858 3788 pust
880 3717 957 3772 mul·
1011 3713 1088 3770 inter
1107 3715 1250 3787 quosdam
1277 3714 1325 3771 hiu
1352 3711 1579 3794 contentionem·
1598 3712 1792 3796 exardescere,
1810 3718 1838 3771 et

136 3785 177 3840 tas
191 3784 403 3859 disputationes
417 3789 446 3844 et
463 3785 587 3854 labores,
600 3801 674 3858 quus
696 3801 763 3840 uum
781 3786 872 3844 nimia
886 3805 957 3860 pru·
1011 3785 1136 3842 scientes
1149 3786 1226 3858 quud
1238 3802 1353 3859 semper
1363 3801 1397 3842 ex
1410 3783 1581 3858 hujusmodl
1592 3782 1837 3843 decertationibus

137 3853 270 3913 dentieet
290 3855 487 3914 saluberrima
510 3856 727 3930 dispensatione
743 3857 771 3912 in
788 3857 842 3914 hau
867 3875 957 3916 eausa
1009 3855 1065 3912 illae
1081 3855 1226 3913 haeresum
1247 3856 1446 3914 dissensiones
1468 3856 1575 3911 allecta
1597 3857 1677 3920 sunt,
1699 3871 1836 3912 necessa·
1874 3871 1878 3876 ·

136 3924 281 4000 impendit,
294 3928 350 3986 buc
394 3931 449 3986 uud
471 3928 638 3996 festinabat,
652 3945 703 4001 per
717 3945 874 4000 supernam
890 3947 956 4004 gra·
1010 3928 1086 3983 rium
1099 3926 1306 4000 judicavimus,
1319 3945 1405 3984 omne
1417 3927 1548 3982 studium
1564 3941 1671 3996 ponere
1681 3926 1717 3981 ad
1732 3929 1836 3984 sedan-

136 3996 201 4054 tiam
216 3945 516 4074 ordinavitqiaetaque
530 4003 599 4056 sunt
612 3999 688 4056 inter
703 4003 843 4073 utrasque
857 4007 955 4073 partes
1010 3999 1081 4055 dum
1097 4003 1184 4080 atque
1199 4000 1412 4072 amputandum
1429 3998 1518 4054 talem
1536 3996 1719 4068 superfluum
1734 3999 1835 4056 verbu·

134 4067 294 4142 dogmatica
322 4073 457 4145 quadam
487 4070 626 4145 capitula,
646 4070 675 4126 in
703 4071 811 4144 quibus
841 4088 953 4142 omnes,
1010 4071 1270 4126 rumcoalhctum,
1501 4137 1507 4148 ·
1545 4137 1551 4149 ι
1802 4139 1808 4152 ·

136 4140 194 4212 (qui
204 4146 288 4199 antea
299 4143 419 4216 quidem
431 4145 460 4200 in
474 4143 604 4200 diversas
615 4140 763 4215 portiones
776 4143 881 4199 diversi
897 4143 957 4200 lue·
1047 4142 1088 4196 13.
1105 4142 1141 4196 ht
1156 4141 1191 4196 ad
1208 4140 1398 4214 saepedictum
1414 4141 1636 4194 sanctissimam
1653 4136 1835 4220 plexandrrrs

136 4217 393 4287 rant,pruavusqne
404 4215 459 4272 sibi
471 4215 643 4271 Diuseurum
656 4218 743 4286 atque
752 4214 889 4270 Severum
900 4215 955 4271 hm-
1008 4212 1205 4338 patriarcham
1218 4210 1438 4284 scripsimus,ut
1449 4211 1757 4290 postquamnunmtatem
1766 4225 1834 4266 curn

135 4283 233 4341 retices
248 4286 421 4352 scribentes)
434 4285 588 4342 coadunati
606 4289 675 4341 sant
685 4301 752 4340 uum
768 4286 955 4343 sanctissima
1030 4282 1118 4356 is,qui
1129 4283 1241 4356 pridem
1255 4279 1540 4362 reparabantnr30eu
1550 4277 1836 4353 auxiliantecumpu-

136 4369 167 4408 ae
181 4355 237 4412 sela
251 4357 396 4415 catholiea
408 4357 584 4425 Ecclesiam
598 4373 676 4412 narnc
691 4371 760 4426 grex
771 4356 878 4413 Christi
894 4358 955 4414 veri
1008 4355 1121 4420 snit‚de
1137 4358 1238 4410 caetero
1254 4352 1369 4408 nullum
1386 4353 1568 4434 peruntteret
1590 4365 1680 4405 unam
1696 4355 1745 4406 ant
1760 4352 1834 4435 duas

136 4423 520 4497 lleinuatri‚omnisGhristu
531 4427 854 4484 amabilisltlexandriae
865 4446 955 4503 pupu-
1010 4427 1138 4499 prolerre
1160 4424 1341 4498 operationes
1358 4425 1386 4480 in
1403 4423 1517 4506 Christo
1533 4425 1595 4504 'heo
1613 4425 1722 4504 nostro,
1738 4439 1835 4498 magas

137 4493 179 4552 lus
193 4498 283 4556 lactus
299 4505 353 4569 est,
370 4504 398 4557 et
422 4517 496 4584 pene
519 4499 655 4556 universa
669 4515 736 4555 cum
747 4499 789 4556 sis
801 4505 833 4554 AE
893 4505 952 4570 tas,
971 4484 994 4548 D
1009 4503 1106 4555 autem
1119 4497 1207 4566 (sicut
1222 4500 1325 4553 sancta
1340 4501 1368 4552 et
1382 4492 1559 4578 anryersaha
1572 4493 1756 4575 tradiderunt
1770 4511 1836 4579 con·

136 4571 161 4622 et
175 4569 294 4628 Thebais
310 4575 339 4628 et
362 4571 502 4645 Lybra,et
521 4571 669 4627 caterae
708 4571 809 4643 ptiaea
848 4571 953 4644 isposi·
1008 4569 1083 4642 cilia)
1100 4587 1192 4625 unum
1209 4567 1522 4648 eumdemquelhhum
1538 4569 1722 4637 umgenitum
1739 4565 1834 4622 Demi·

137 4637 217 4698 tionis
232 4643 476 4716 regiones,quam
492 4641 561 4700 olim
582 4642 661 4698 censi
686 4643 807 4698 erebant
822 4642 865 4714 (ut
879 4643 953 4698 dixi·
1007 4659 1079 4697 num
1096 4645 1229 4697 nostrum
1249 4640 1350 4696 lesum
1366 4639 1526 4703 Christum,
1537 4653 1638 4692 verum
1660 4636 1750 4691 Deum
1765 4653 1833 4710 upe-

136 4713 243 4781 mus)in
254 4713 501 4772 innumerabilem
512 4713 625 4786 cupiam
636 4713 779 4769 heresum
791 4714 954 4770 multitudi·
1008 4717 1104 4768 ratum
1121 4711 1331 4777 condimntum
1356 4710 1484 4766 divinam
1501 4723 1597 4791 'quam
1622 4706 1835 4792 bumanamet

136 4784 442 4852 numdiseissas,nuac
453 4791 550 4844 autem
562 4784 846 4857 beneplacitoDei,et
857 4785 953 4842 stadia
1007 4800 1124 4841 emnem
1141 4783 1198 4839 Deo
1215 4781 1414 4847 decibilem,ct
1428 4781 1546 4836 humane
1559 4779 1835 4862 dignamuperatro·

136 4855 256 4923 predicti
288 4857 469 4914 sanctissimi
501 4856 764 4913 Alexandrinorum
800 4856 953 4925 antistitis,
1008 4850 1835 4934 nem,exunuineamatuqueDeaVerburndtvtsepruee·

136 4939 219 4982 unum
235 4927 345 4984 labium
363 4929 430 4984 lauti
446 4934 516 4985 sunt
530 4945 641 4996 omnus,
654 4945 714 4983 una
727 4943 791 4994 vex,
803 4932 831 4982 et
847 4928 875 4982 in
888 4929 953 4984 uni·
1008 4927 1085 4994 dere,
1100 4930 1128 4982 et
1143 4925 1179 4981 ad
1196 4941 1289 4980 unum
1305 4924 1499 5006 eumdemque
1515 4922 1654 5006 redigere.

138 4999 191 5052 tute
204 4999 325 5071 spiritus
340 5005 424 5056 recta
448 4999 583 5057 Ecclesia
607 5000 745 5073 dogmata
768 4999 951 5056 confiteatur.
1044 4999 1086 5053 ll.
1098 4995 1225 5068 Euquud
1237 4995 1455 5068 uniusquidem
1475 4998 1653 5076 upupatrunm
1664 5009 1728 5065 vox,
1743 5011 1835 5068 quan·

136 5064 173 5120 llx
186 5067 230 5126 bis
246 5075 344 5128 autern
360 5088 424 5143 que
439 5072 517 5128 dieta
532 5075 601 5128 suat
619 5079 699 5152 atque
713 5071 847 5138 stabilita,
860 5088 953 5126 unum
1008 5085 1096 5142 quam
1113 5085 1130 5123 a
1145 5067 1321 5141 quibusdam
1339 5065 1448 5122 sanctis
1465 5065 1598 5121 Patribus
1615 5066 1694 5121 dicta
1717 5070 1770 5134 est,
1790 5071 1834 5124 ta·

137 5137 226 5262 lepistit
241 5144 402 5267 (opitulum
416 5145 451 5199 de
473 5160 532 5199 una
550 5146 716 5215 operatione
732 5141 838 5197 Christi
854 5141 953 5217 magni
1008 5158 1074 5196 men
1091 5139 1244 5212 peregrina
1259 5139 1416 5206 videretur,
1429 5140 1458 5192 et
1474 5137 1644 5210 perturbare
1660 5153 1746 5194 aures
1761 5154 1833 5211 quu-

160 5209 223 5267 eiet
258 5231 275 5268 a

169 5282 194 5336 8.
205 5213 257 5340 tlt?
269 5285 309 5340 ita
333 5301 368 5342 ue
383 5283 819 5359 provenientibus,Suphrunius
834 5299 953 5340 venera·
1007 5284 1074 5340 terri
1092 5282 1244 5339 inconfuse
1257 5287 1286 5337 et
1309 5297 1345 5336 ue
1359 5279 1520 5336 seeundum
1535 5279 1755 5336 subsistentiam
1771 5296 1835 5334 unr-

139 5349 198 5408 bilis
221 5301 394 5426 monadicus,
407 5357 466 5430 qui,
479 5361 512 5414 ut
527 5375 562 5413 ex
576 5357 678 5412 auditu
703 5355 870 5425 didicimus,
888 5357 953 5413 Hie·
1007 5361 1104 5411 tarum
1119 5355 1150 5409 in
1165 5353 1280 5409 Christo
1322 5369 1355 5407 co
1375 5357 1487 5434 nostru·
1499 5352 1625 5409 duarum
1649 5354 1831 5416 naturarum,

139 5423 340 5498 rusulymornm
366 5429 471 5500 presul
487 5432 531 5486 est
546 5427 697 5484 ordinatus
712 5428 848 5494 (necdum
874 5427 952 5484 enim
1008 5424 1511 5501 quodnonestunquamneel'mt.
1621 5491 1626 5502 ,
1765 5489 1812 5503 Η

140 5491 270 5554 hactenus
284 5502 349 5571 ejus
364 5516 399 5555 ex
412 5518 493 5557 mare
509 5499 648 5573 synodica
662 5497 858 5570 suscepimus)
873 5517 890 5554 a
913 5499 953 5555 ad
1043 5499 1184 5554 Similiter
1208 5501 1304 5579 autam
1321 5499 1349 5550 ut
1369 5497 1493 5551 duarum
1517 5496 1718 5619 operationum
1742 5488 1832 5548 dictae

139 5563 331 5627 Alexandriam
348 5575 418 5627 tunc
440 5572 580 5644 temporis
604 5570 719 5644 positus
742 5587 809 5626 eum
835 5517 953 5643 praiaco
1007 5569 1116 5626 multos
1145 5568 1480 5650 scantlnlmet,utpotea
1497 5563 1577 5619 nalo
1595 5564 1775 5642 ‚sanctorum
1804 5567 1833 5619 ct

141 5641 314 5700 sanctissimo
337 5659 414 5716 papa
430 5643 547 5716 quando
573 5643 650 5699 sicut
671 5641 812 5710 diximus)
826 5641 953 5698 admira·
1008 5639 1346 5714 probabiliumtlcelesra
1360 5633 1660 5720 institutorumedtta.
1672 5631 1833 5704 insaporet

141 5705 219 5778 bilem
233 5711 315 5772 illam
331 5715 410 5773 circa
423 5731 483 5782 eus,
495 5713 546 5788 qui
581 5715 673 5772 udum
684 5712 809 5770 heretici
825 5714 951 5785 inerant,
1007 5729 1189 5785 consequens
1200 5715 1224 5768 ei
1247 5713 1292 5767 est
1310 5709 1467 5783 predicare
1486 5706 1561 5761 duas
1575 5701 1749 5770 voluntates,
1766 5719 1833 5760 uun·

141 5777 186 5844 ⁰01
199 5783 378 5868 beneplacito
397 5787 541 5852 unitatem
562 5785 766 5866 componebat,
783 5789 870 5864 atque
884 5803 952 5848 eum
1007 5785 1173 5847 trarietates
1197 5780 1274 5842 eirca
1288 5779 1411 5840 invicem
1435 5775 1590 5846 habentem
1607 5777 1747 5849 tauquam
1772 5773 1830 5836 Deu

288 5214 397 5271 vaturis
412 5213 514 5272 nostri.
1007 5211 1154 5278 rumdam,
1163 5209 1378 5283 suspicantium
1391 5209 1426 5264 ad
1441 5208 1671 5282 peremptionem
1682 5208 1757 5266 bane
1771 5226 1834 5292 pro·
