4048 6178
124 229 177 290 lsi
472 224 657 290 HISTORIA
678 225 730 288 nu
750 224 853 289 vlits
874 225 970 290 uolt.
992 225 1108 289 PON'f.
1125 257 1164 272 -
1178 229 1211 290 S.
1234 229 1496 313 BONthGlUS.‚
1766 241 1827 308 iffi
1880 253 1884 258 '

122 357 1400 515 ffidsssfdflillfflditdiffiliqlllfuilllAlitliddhifiilift
1414 365 1826 502 {tribunatum

120 502 205 558 liceat
218 517 373 574 episcopos
388 502 523 559 ordinare
537 518 590 574 per
602 501 668 558 illas
683 503 857 574 provincias.
1001 507 1103 569 tuisse,
1115 507 1148 559 ut
1161 503 1359 561 ordinationes
1373 505 1575 580 episcoporum
1591 511 1663 569 citra
1678 517 1825 574 conscion-

155 570 321 629 Sollioitum
337 572 499 645 prasertim
510 572 635 631 habehat
646 572 838 642 bonifacium,
851 571 948 644 inquit
1002 573 1074 630 tiarn
1089 573 1155 630 ltufl
1171 574 1310 631 celebrari
1325 593 1383 632 non
1402 584 1532 649 possent,
1549 585 1708 641 ostendunt
1721 588 1824 646 ecdem

121 642 262 726 sumtis
281 641 313 698 in
338 659 394 718 sup
416 644 542 701 lamento
566 645 604 726 ad
627 643 736 728 librum
749 662 769 700 v
783 643 885 726 blancae
911 643 947 699 dc
1001 643 1197 728 epistolaade
1218 645 1333 720 iscopos
1343 645 1534 721 Illyricianos,
1545 651 1604 708 alia
1625 658 1707 713 ueah
1722 659 1824 716 eodem

120 714 284 772 Concordia
298 729 363 787 cap.
378 661 415 772 25
430 731 520 772 causa
542 713 699 788 Perigenis,
712 713 854 771 charitate
877 730 947 772 sane
1002 716 1149 772 Donifecio
1169 733 1186 772 a
1227 734 1243 773 e
1264 716 1380 791 iscopos
1395 719 1551 778 Thessalos
1566 669 1668 782 segem
1683 727 1730 784 die
1745 730 1823 788 dats.

119 801 188 860 erga
201 785 355 842 hominem
370 787 432 842 sedi
445 784 611 860 apostolicos
631 784 878 853 addictissimum,
895 785 947 842 sed
1037 787 1203 845 Bonifacius
1252 789 1424 847 arbonensis
1447 790 1581 849 Ecclesia
1602 795 1666 852 'ura
1681 814 1698 853 a
1711 799 1825 859 Zosimo

140 857 267 930 racipue
291 861 411 942 propter
432 857 603 940 conpulsam
617 856 812 940 abepiscopis
824 855 948 930 illyricis
1002 857 1154 916 decessore
1182 876 1235 917 suo
1264 859 1432 930 imminuta,
1457 878 1473 919 e
1495 809 1662 922 istolaiad
1682 868 1825 930 Hilarium

119 875 247 986 Romani
258 927 365 1001 judicii
389 928 600 1012 definitionem,
617 945 667 1002 qni
690 933 758 1002 post
781 927 867 1010 illud,
881 943 947 985 esni
1001 928 1220 1012 Narbonensem
1232 931 1341 1004 scripta
1360 880 1498 1003 restituii),
1511 939 1540 991 et
1551 935 1716 996 Patroclum
1724 941 1826 999 Arela-

119 1015 242 1056 causam
257 1015 363 1056 rursus
380 1000 509 1058 'udicare
520 999 715 1058 mobebuntur
724 999 754 1057 iu
764 999 887 1057 concilio
898 999 949 1056 Go·
1002 1004 1141 1058 tenseme
1162 1018 1307 1075 iscopum,
1319 1004 1355 1059 ad
1366 1005 1453 1076 cujus
1463 1022 1565 1078 preces
1575 1007 1709 1068 Zosimus
1717 1011 1827 1070 Narbo·

118 1069 277 1154 rinthiaco,
293 1074 327 1154 nt
340 1015 436 1128 videre
449 1078 495 1130 est
508 1071 538 1127 iii
555 1071 678 1153 epistola
692 1071 730 1128 ab
744 1069 948 1155 eodemnlloni-
1002 1087 1123 1154 oensem
1134 1019 1294 1156 Ecclesiam
1302 1072 1463 1158 arelatensi
1472 1077 1702 1164 subjecemqqui
1725 1099 1762 1140 us
1774 1088 1826 1140 bii·

117 1142 193 1200 facio
208 1141 247 1198 ad
262 1157 415 1214 episcopos
429 1159 483 1214 per
501 1142 648 1216 Dlyrioum
662 1160 681 1200 v
695 1142 759 1200 fdus
772 1141 864 1199 lfortu
879 1141 948 1198 data
1001 1143 1120 1198 tubensi
1146 1143 1290 1210 Dcolesic,
1306 1162 1337 1201 in
1351 1145 1501 1205 Oooitania
1515 1149 1703 1218 inferiori,ad
1740 1155 1828 1212 arbo·

119 1229 197 1270 anno
206 1213 272 1280 422,
283 1217 314 1269 et
323 1213 360 1270 ah
370 1213 472 1270 eodem
483 1213 631 1270 liolstenin
642 1213 772 1271 recitata.
787 1211 948 1287 Dupliciter
1001 1230 1124 1270 oensem
1134 1215 1314 1286 provinciam
1324 1219 1479 1289 spectanti,
1490 1219 1661 1294 episcopum
1671 1224 1828 1282 ordinave-

118 1284 199 1342 enim
214 1283 247 1340 in
262 1283 319 1340 boo
372 1285 512 1342 ooahotur
530 1286 670 1342 adversus
689 1285 767 1342 sedis
781 1283 947 1358 apostolice
1001 1287 1057 1356 rat,
1072 1285 1210 1358 coercuit,
1232 1287 1415 1346 Nicanorem
1439 1305 1586 1348 canonum
1610 1295 1827 1355 exsecutionem

119 1357 317 1428 majestatem.
356 1354 441 1424 nmo,
456 1357 534 1428 quod
559 1373 624 1414 eam
648 1373 768 1414 causam
792 1359 948 1413 retractare
1002 1355 1161 1429 imperans,
1175 1357 1284 1430 quihus
1303 1363 1448 1416 statutum
1472 1367 1545 1430 erat,
1562 1368 1595 1420 ut
1616 1365 1742 1440 singulis
1762 1383 1828 1442 pro·

119 1429 345 1502 presumerent,
351 1442 421 1554 ‘quat
430 1443 568 1500 supremo
579 1426 702 1485 Romani
713 1427 859 1501 pontilicis
874 1426 949 1483 arbi·
1001 1426 1105 1483 vinoiis
1120 1429 1255 1510 proprius
1270 1431 1513 1504 metropolitanus
1529 1441 1676 1506 preesset.

118 1497 175 1554 trio
190 1496 328 1569 judicata
363 1501 458 1556 uerat.
478 1497 598 1567 Deinde,
616 1500 693 1572 quod
718 1515 783 1555 eain
803 1499 947 1573 synodum
1037 1500 1110 1554 Curii
1120 1498 1216 1555 clerici
1228 1499 1388 1557 Valentinis
1404 1502 1528 1560 civitatis
1543 1505 1703 1564 Maximum
1717 1509 1828 1582 cpisco-

120 1567 737 1653 celehrareoogitarsnt,prretercousensum
744 1569 809 1626 ttuli
820 1569 948 1650 episcopi
1002 1585 1074 1695 puni
1088 1569 1235 1626 variorum
1255 1573 1423 1642 criminum,
1440 1579 1469 1630 et
1483 1575 1648 1632 Manicheam
1685 1580 1826 1637 rasertim

121 1638 406 1706 Thessalonicensis,
422 1641 472 1714 qui
487 1657 613 1698 vicarius
637 1646 699 1698 erat
717 1641 855 1698 Romane
869 1641 948 1697 sedis
1024 1657 1146 1697 crassos
1156 1643 1472 1700 reumadbonifacinm
1484 1662 1590 1719 papam
1602 1595 1825 1718 detuiissentad

119 1709 948 1856 uelutilluttulliittilffitftlftftttu
964 1736 988 1801 Β
1003 1727 1091 1838 qllll
1107 1715 1827 1864 tttttttftttltutbtuttllftttlttt

120 1801 168 1909 gie
179 1870 241 1925 qua
249 1853 417 1926 precedens
428 1825 495 1910 oa'u
507 1873 514 1924 ;
526 1871 658 1928 nempev
671 1855 738 1911 fdus
753 1826 861 1912 Mart’ii.
880 1875 894 1905 ιι
905 1854 948 1909 Ad
1002 1799 1100 1910 gallia
1115 1853 1205 1927 hujus
1224 1825 1331 1928 neg’otii
1355 1855 1551 1929 cognitionem
1574 1864 1686 1932 septem
1710 1862 1827 1935 previus

122 1925 268 1998 synodum
284 1940 349 1996 qus
362 1924 471 1982 dicitnr
485 1923 586 1982 illicite
595 1926 801 1999 congreganda
810 1925 845 1982 dc
860 1941 949 1981 causa
1002 1923 1115 1980 ciarum
1130 1925 1275 1997 episcopis
1296 1926 1483 1984 demandavit
1499 1945 1506 1984 ι
1521 1930 1702 1998 Decrecimus,
1718 1933 1825 2006 inquit,

123 1995 222 2052 fratris
238 1995 332 2051 nostri
346 1999 375 2052 et
389 1997 552 2070 coepiscopi
568 1997 818 2070 Perigenie,cujus
834 1995 950 2069 scripsi·
1002 2003 1122 2052 vestrum
1150 1995 1245 2052 debere
1274 1999 1349 2053 iutro
1374 2000 1548 2069 provisiolum
1567 2017 1623 2058 esse
1639 2001 1787 2074 judiciam,
1802 2013 1829 2062 ct

123 2084 191 2123 mus
206 2070 331 2134 statum,
347 2065 429 2124 nulla
451 2085 537 2141 posse
560 2068 677 2140 penitus
698 2067 811 2125 ratione
824 2065 948 2134 turbari,
1002 2069 1165 2136 conprecari
1177 2067 1313 2140 synodum
1335 2077 1398 2124 octe
1420 2069 1493 2126 diem
1510 2071 1700 2130 Kclcadomm
1714 2074 1827 2132 Novan-

124 2137 195 2194 talia
222 2137 334 2210 scripta
363 2138 533 2208 direximus,
558 2139 666 2211 quihus
691 2138 819 2197 universi
846 2140 948 2195 fratres
1004 2136 1288 2210 hrium,·Jnretamen
1305 2138 1454 2196 relationis
1468 2142 1504 2197 sd
1521 2144 1620 2199 sedem
1636 2145 1827 2216 apostolicam

125 2207 302 2292 intelligunt,
317 2210 449 2292 proximo
471 2211 625 2268 convenire
640 2228 672 2268 se
686 2211 759 2268 eitra
779 2227 864 2267 suain
879 2226 949 2266 coii-
1003 2214 1127 2277 servato,
1140 2209 1276 2281 adquam
1287 2211 1323 2268 ab
1334 2210 1407 2284 ipsis
1420 2210 1552 2270 conciliis
1567 2213 1764 2276 nationalibus
1778 2235 1827 2292 pc·

125 2281 278 2338 scientiam
294 2281 417 2338 minime
431 2282 578 2350 debuisse,
598 2282 702 2340 deinde
721 2283 757 2339 de
775 2285 875 2338 nostro
890 2297 949 2338 non
1002 2283 1079 2336 terat
1093 2278 1244 2353 appellari.

123 2367 187 2408 ease
196 2349 314 2423 judicio
328 2353 555 2410 retractandum.
572 2353 730 2426 Nunquam
745 2351 853 2411 etenim
867 2350 951 2435 licuit
1342 2385 1478 2446 SOMIER

123 2423 951 2498 deeoriirsum,quodsemelstatutumestabspostclioa
1204 2490 1211 2503 ο
1481 2431 1488 2446 ·

123 2493 202 2560 sede,
217 2493 350 2550 tractari.
367 2517 382 2544 n
910 2491 916 2508 '
1039 2491 1828 2572 Namnatius.-lltciatconunuonecamuutatto,

157 2565 239 2622 Adeo
254 2563 313 2621 alte
328 2565 477 2623 insederat
491 2567 552 2624 hec
566 2584 657 2625 cansa
676 2567 774 2624 animo
797 2564 948 2632 bonifacii,
1003 2563 1827 2641 otolllectioDonifsciiejusnominisprimiadRomanam

123 2641 156 2692 ut
165 2637 202 2692 ad
213 2636 369 2710 episcopos
379 2634 578 2710 Illyricos,qui
589 2639 626 2695 ad
637 2639 780 2712 synodum
791 2637 951 2694 Corinthia·
1004 2635 1103 2716 sedem
1115 2635 1232 2690 turbata
1242 2640 1287 2692 est
1296 2635 1460 2694 intrusione
1475 2639 1578 2695 Dulalii
1594 2641 1683 2714 hujus
1693 2643 1828 2700 Ecclesia

122 2725 187 2764 cam
201 2707 375 2764 conventuri
389 2715 483 2777 erant,
498 2708 653 2782 predictas
676 2709 789 2766 litteras
807 2708 949 2775 scribens,
1005 2704 1211 2762 archidiaconi.
1225 2707 1304 2762 lnter
1317 2707 1414 2779 prims
1428 2711 1599 2778 conamina,
1610 2729 1674 2784 que
1690 2715 1829 2788 utrinque

123 2782 222 2851 aperte
244 2777 444 2837 comminatus
467 2781 682 2838 abstentionem
698 2780 746 2848 sit,
762 2779 788 2838 si
803 2779 951 2906 Perigenis
1004 2776 1201 2832 excitaverunt
1219 2777 1318 2833 studia
1341 2779 1481 2860 partium,
1502 2781 1647 2838 Honorius
1670 2783 1829 2857 imperator

122 2866 245 2906 causam
254 2849 362 2906 iterum
372 2850 409 2907 ad
420 2849 639 2909 discutiendum
649 2851 819 2909 inmedium
828 2851 865 2908 sd
889 2865 952 2906 uce-
1005 2851 1169 2929 praesentas
1180 2848 1443 2930 eratpfantorihus
1454 2849 1569 2908 Dulalii.
1582 2853 1675 2925 Major
1685 2859 1828 2913 tamense

124 2927 199 2989 reat,
214 2921 301 2994 cujus
325 2921 420 2979 honor
443 2922 551 2980 dubius
564 2928 594 2981 et
610 2923 739 2980 incertus
760 2939 812 2996 per
835 2919 951 2995 regulas
1006 2918 1262 2990 saniorpsrscleri
1273 2919 1407 2987 Romani,
1420 2937 1483 2993 quae
1494 2922 1676 2981 bonifacium
1690 2925 1827 3000 elegerat,

124 2992 245 3049 omnino
261 3008 327 3050 csse
342 3009 401 3050 non
415 2999 524 3065 posset,
541 2997 607 3066 post
630 2992 805 3051 senteutiam
827 2991 951 3049 Romani
1004 2989 1137 3046 libellum
1157 2989 1321 3062 supplicem
1335 2990 1442 3047 obtulit
1456 2992 1634 3066 imperatori,
1651 3004 1682 3052 ut
1696 3000 1830 3055 renouari

124 3062 273 3136 pontilicis
284 3079 292 3120 ι
304 3086 319 3114 ιι
332 3065 530 3146 Congregetur
543 3082 625 3140 ergo,
635 3065 740 3138 inquit,
753 3067 785 3120 ut
795 3065 950 3120 redeamus
999 3061 1108 3134 juberet
1121 3062 1218 3132 prtem
1231 3063 1391 3129 castitate,
1402 3078 1507 3134 nempe
1518 3065 1660 3138 rescripta
1669 3083 1734 3139 qus
1743 3069 1830 3125 dede·

125 3135 161 3190 ad
181 3151 303 3192 causam
326 3133 417 3207 huius
440 3137 564 3207 injurios,
580 3137 720 3210 synadae,
735 3135 822 3207 eujus
844 3100 985 3191 dilectoC
1004 3136 1059 3201 rat,
1070 3137 1157 3204 atque
1167 3131 1312 3188 Dulalium
1323 3137 1455 3216 evocaret
1467 3135 1503 3190 ad
1519 3136 1703 3208 comitatum,
1720 3137 1829 3197 honest

125 3205 294 3262 consultum
305 3222 367 3262 sem
390 3207 627 3280 ersuperhahens
638 3205 752 3264 concilii
763 3210 951 3279 recognoscat
1005 3203 1173 3286 &vennam
1185 3207 1355 3270 accerseret,
1367 3205 1417 3260 uhi
1433 3204 1578 3263 Honorius
1593 3208 1757 3266 residebat:
1770 3227 1828 3283 quo

127 3293 287 3360 arcarium:
307 3280 336 3333 et
358 3224 409 3334 tiit
427 3279 505 3360 quod
530 3279 649 3353 quidem
673 3278 748 3360 fleri·
760 3293 812 3350 per
825 3276 951 3359 regulas
1004 3273 1830 3400 pollicebanturpapamBonifacinmcumsuissacsrdoti-

127 3365 246 3405 omnino
269 3363 330 3404 non
355 3352 472 3421 poterit,
496 3350 596 3406 fratris
617 3354 646 3407 et
669 3364 833 3430 coepiscopi
858 3352 950 3404 nostri
1026 3345 1270 3402 usadventurum.
1284 3346 1421 3402 Libenter
1430 3353 1560 3420 suscepit
1574 3349 1702 3408 oblatam
1718 3352 1831 3425 petitio·

127 3419 274 3493 Perigenis
284 3419 381 3476 honor
390 3420 500 3478 dubius
510 3425 538 3477 et
552 3420 693 3487 incertos,
704 3437 792 3493 quem
806 3435 835 3474 in
851 3418 950 3476 sedem
1005 3417 1242 3500 nem'llonoijius.
1258 3415 1371 3542 lisque·
1383 3421 1479 3474 tamen
1504 3420 1639 3478 attribuit
1661 3422 1722 3479 sibi
1742 3424 1831 3481 eccle

129 3489 259 3548 Doclesm
269 3492 446 3562 supradictis
456 3497 557 3549 nostra
566 3491 711 3550 sententia
720 3490 881 3549 collocavit.
892 3512 906 3540 »
916 3490 952 3545 itt
1006 3492 1118 3544 siastici
1133 3487 1256 3568 buyusee
1267 3503 1302 3558 yn
1324 3504 1373 3543 ioii
1388 3493 1572 3560 potestatem.

129 3559 218 3618 infra:
239 3584 254 3614 ιι
267 3562 488 3632 convenientes,
501 3567 534 3618 ut
548 3565 694 3630 condecet,
706 3562 821 3629 fratres,
834 3578 871 3617 ne
884 3559 951 3634 quis
1041 3558 1116 3625 Quin
1143 3573 1178 3614 ex
1200 3557 1323 3614 diversis
1343 3560 1500 3631 provinciis
1513 3562 1723 3621 advocaturum
1738 3580 1770 3622 se
1784 3581 1830 3622 re·

126 3631 224 3689 solens
247 3633 277 3688 in
302 3637 403 3690 nostra
424 3634 630 3691 communione
658 3635 774 3700 durare,
799 3633 900 3689 fratris
923 3635 952 3688 et
1006 3629 1125 3701 scripsit
1139 3628 1348 3702 episcopos3ut
1356 3646 1414 3686 rem
1422 3631 1564 3689 dedorim
1578 3635 1609 3689 ia
1623 3634 1831 3693 dubiumatsoi·

125 3704 342 3761 consacerdotis
355 3704 448 3761 nostri
462 3705 524 3762 Peri
545 3706 609 3762 enis
623 3705 780 3762 iterumad
796 3703 952 3760 discutien—
1005 3709 1051 3757 oct
1064 3701 1143 3756 cotis
1155 3716 1247 3756 coriam
1261 3699 1418 3772 disceptatio
1425 3703 1611 3775 plurimorum
1620 3706 1831 3781 (Rescriptllc

124 3774 238 3830 domin
250 3722 645 3842 meoiumnomsnoidooat,
658 3773 951 3848 cujuseacerdotium
1006 3771 1082 3828 norii
1098 3771 1134 3826 ad
1152 3772 1171 3828 S
1192 3772 1385 3855 marachem).
1493 3846 1498 3857 Ι

125 3845 278 3918 apostolus
293 3846 395 3904 Petrus
411 3847 501 3904 senisu
515 3849 580 3920 jam
594 3847 723 3922 Spiritus
737 3845 830 3904 sancti
845 3860 952 3919 sugge-
1041 3842 1149 3898 Verum
1184 3841 1264 3898 ulalii
1276 3847 1418 3899 attentata
1429 3847 1458 3914 (a
1468 3844 1605 3903 Biblioth.
1622 3847 1769 3921 descripta
1778 3847 1832 3904 hu·

126 3915 218 3974 mone
233 3917 372 3974 firmavit.
392 3940 406 3968 n
1002 3915 1054 3986 jus
1069 3930 1164 3978 num,
1180 3913 1232 3969 lin.
1250 3915 1294 3981 10)
1307 3915 1412 3986 judicii
1428 3917 1602 3990 episcopalis
1626 3919 1831 3977 necessitatem

158 3986 342 4060 Displicebat
356 3989 455 4061 itaque
469 3989 617 4046 Donifacio
642 4005 723 4062 pape
747 3987 951 4062 episcoporum
1006 3984 1219 4042 substulerunt.
1235 3985 1381 4057 llxpulsus
1395 3987 1473 4042 enim
1487 3988 1523 4044 ah
1538 3987 1614 4045 Urbe
1630 3989 1685 4045 fuit
1699 3989 1831 4047 llulalius

127 4055 360 4132 illyricianorum
383 4060 532 4127 audentia,
555 4062 605 4133 qui
627 4059 752 4118 concilia
775 4074 951 4132 congregare
1001 4057 1089 4128 jussu
1104 4056 1196 4128 princi
1220 4056 1350 4122 is,veluti
1363 4059 1548 4116 refractarius
1559 4076 1611 4132 per
1621 4060 1831 4133 Symmachum

127 4131 345 4200 presumebant
358 4131 432 4187 citra
446 4132 653 4189 conscientiam
670 4132 746 4188 llufl.
764 4131 837 4187 Nam
862 4131 951 4184 lnno-
1006 4128 1174 4198 prefectum
1191 4073 1279 4196 lirhi3
1295 4131 1323 4183 ct
1342 4129 1510 4186 Bonifscius
1523 4130 1554 4186 in
1571 4130 1676 4187 Urbem
1692 4133 1831 4188 reductus

127 4201 240 4258 centius
250 4201 363 4275 papaei
375 4209 568 4272 concesserat,
580 4209 613 4260 ut
623 4202 738 4276 quoties
749 4217 839 4257 causa
854 4200 953 4281 eliqua
1006 4196 1163 4279 plaudente
1177 4197 1284 4269 populo
1299 4200 1440 4270 tanquam
1456 4199 1606 4272 logitimus
1620 4203 1831 4272 pontifex,oum

126 4273 264 4340 eueniret,
278 4288 344 4345 qne
358 4274 613 4348 congregationem
626 4273 811 4331 sacerdotum
826 4287 952 4344 require·
1006 4269 1123 4324 ordines
1150 4283 1241 4323 omues
1269 4268 1361 4324 diuino
1388 4268 1504 4339 judicio,
1521 4279 1547 4326 ct
1564 4272 1712 4341 assicamus
1736 4281 1832 4330 omnes

127 4347 178 4414 ret,
194 4349 297 4416 posset
311 4360 386 4417 quos
399 4343 486 4403 vellet
500 4345 662 4418 episcopos,
676 4345 711 4401 de
727 4342 952 4424 quibuscunque
1006 4340 1197 4422 acquieverunt
1212 4339 1355 4421 cofortati,
1372 4345 1405 4395 ut
1420 4338 1497 4395 idem
1511 4340 1665 4415 prefectus
1681 4343 1717 4398 ad
1732 4343 1832 4400 liono-

127 4413 264 4472 Dcclesiis
280 4431 409 4484 siccare,
420 4419 527 4474 etcum
536 4416 579 4472 eis
593 4415 804 4474 controversias
820 4413 950 4470 definire.
1006 4426 1084 4467 rium
1101 4409 1245 4465 rescribit.

127 4484 180 4542 Sed
195 4484 277 4543 ultra
291 4485 346 4542 hoo
364 4487 517 4545 constituit
532 4487 708 4554 Bonifacius,
724 4502 761 4542 ne
776 4484 875 4541 liceret
888 4483 951 4557 epi·
966 4467 991 4533 D
1041 4481 1075 4537 ln
1086 4480 1183 4538 Africa
1192 4485 1289 4536 taineii
1300 4497 1456 4536 causarum
1467 4481 1522 4537 suh
1532 4480 1646 4538 zosimo
1660 4482 1832 4542 inchoatum

126 4555 952 4630 scopisillyricianisoonvenire,idestconciliscelehrare
1005 4553 1832 4678 examenprosequebanturepiscopiinoonsilionationali

126 4632 225 4684 contra
235 4628 447 4691 conscientiam
458 4631 590 4703 quedem
601 4630 677 4687 Rufi.
690 4630 783 4697 Quare
793 4643 861 4684 cuni
871 4625 952 4683 insu·
1005 4624 1179 4696 Carthagine
1192 4640 1226 4680 co
1239 4622 1306 4680 lecti
1321 4640 1355 4680 ex
1369 4641 1526 4698 provinciis
1538 4626 1571 4681 17
1585 4641 1683 4683 corani
1699 4626 1834 4702 legatisa

126 4697 217 4756 disset
236 4699 393 4773 episcopos
407 4700 473 4757 illos
488 4701 633 4776 synodum
649 4699 789 4756 indixisse
803 4699 883 4771 apud
898 4697 952 4754 (lo-
1005 4694 1120 4752 Zosimo
1134 4695 1244 4751 missia

126 4769 323 4844 rintbnmpro
333 4769 953 4854 retractandacaussPeiigenisaommotus
1042 4766 1124 4833 Quod
1133 4767 1237 4822 attinet
1245 4766 1283 4822 sd
1293 4763 1518 4848 appellationem
1530 4767 1735 4841 episcoporum
1745 4770 1782 4826 ad
1790 4786 1834 4828 se-

126 4843 332 4915 eteaspitotiu,
343 4841 651 4916 utipseaitineadsm
663 4842 954 4915 epistola,propterea
1007 4838 1073 4893 dem
1091 4838 1263 4905 Romanam,
1280 4853 1357 4910 papa
1379 4839 1513 4894 Zosimus
1533 4841 1597 4911 ejus
1613 4841 1729 4897 tuenda
1744 4857 1833 4898 causo

127 4911 190 4980 fuit,
208 4913 416 4997 synodumque
436 4930 494 4970 non
520 4913 606 4971 aliter
621 4913 767 4997 'celebrari
792 4912 951 4994 mandavit,
1007 4909 1185 4990 produxerat
1199 4909 1336 4990 quintum
1353 4925 1494 4965 canonem
1510 4909 1692 4967 Sardioensis
1717 4911 1833 4998 concilii

126 4982 953 5114 succensuerint:§ictuantibus
1007 4979 1615 5133 illinuntnuaunsineru
1638 4987 1833 5124 siuas

127 5125 291 5182 eccumtori
307 5125 390 5184 locus
404 5131 459 5194 est,
474 5125 571 5200 inquit
595 5073 704 5185 ibidem
723 5125 899 5194 bonifacius,
917 5141 953 5180 ne
1008 5139 1042 5204 epi
1052 5137 1150 5177 causis
1162 5137 1196 5176 su
1219 5137 1258 5203 ra,
1267 5120 1377 5189 relatis,
1389 5127 1454 5204 tum
1465 5126 1554 5178 etiam
1570 5139 1606 5179 ne
1618 5141 1719 5180 veruin
1735 5126 1833 5183 conoi-

128 5197 309 5254 aadientiam
322 5197 440 5270 penitus
450 5197 572 5255 incitare
580 5197 770 5267 videamus,si
782 5197 852 5270 quid
863 5197 899 5252 ab
910 5212 955 5252 eo-
1008 5193 1081 5248 lium
1092 5209 1144 5265 per
1153 5139 1310 5275 octiplicos
1319 5192 1634 5276 Serdica-celebratum
1645 5197 1834 5255 oonlhndeie·

129 5266 207 5336 dem,
212 5271 376 5351 postquam
391 5267 546 5354 spiscopus
556 5270 666 5327 nostris
676 5267 955 5327 estauctoritatihus
1007 5268 1133 5320 turcum
1145 5263 1339 5347 conciliabulo
1354 5265 1390 5320 ab
1405 5269 1523 5348 Arianis
1538 5269 1611 5322 inito
1626 5265 1832 5392 Philippopolis

127 5343 423 5410 mustitntns,oontra
432 5339 619 5414 disciplinam
629 5345 659 5398 et
667 5339 850 5414 propositum
862 5355 955 5395 sacer·
1008 5351 1073 5408 qua
1089 5351 1135 5392 res
1149 5336 1293 5391 Africanis
1309 5352 1366 5392 non
1382 5340 1454 5393 satis
1464 5340 1527 5392 erat
1541 5337 1729 5410 exploratas
1744 5339 1833 5420 ipius,

128 5407 203 5466 dotis
216 5410 313 5468 fertur
327 5410 501 5481 admissum,
519 5412 708 5486 coepiscopus
727 5414 826 5469 nostm
848 5410 953 5478 Rufus,
1008 5423 1087 5463 unus
1102 5423 1137 5463 ex
1150 5405 1266 5464 concilii
1291 5406 1425 5463 Patribus
1450 5409 1576 5481 negabat
1591 5408 1621 5464 in
1637 5409 1710 5466 sotis
1724 5409 1834 5466 Niceni

129 5480 174 5536 cni
188 5482 224 5539 ad
246 5481 342 5539 vicem
362 5487 493 5540 nostram
517 5488 624 5541 cuncta
647 5481 870 5552 committimus,
886 5497 953 5538 cuni
1009 5477 1124 5535 concilii
1141 5477 1291 5535 decretum
1308 5477 1514 5535 illndminime
1528 5479 1661 5536 inveniri.
1677 5482 1773 5547 Quare
1788 5497 1835 5555 pe·

129 5552 239 5610 cauas
247 5552 403 5624 fratribus,
415 5569 489 5626 quos
499 5554 562 5628 ipse
576 5553 726 5627 delegerit,
738 5553 887 5636 negotium
904 5569 954 5608 cu·
1009 5550 1097 5605 tenda
1108 5565 1172 5606 esse
1181 5549 1325 5606 duxerant
1334 5549 1512 5624 exemplaris
1521 5549 1642 5607 Nicana
1651 5551 1754 5625 synodi
1760 5555 1834 5620 ,tum

23 5689 24 5702 y
129 5622 205 5682 rabit
217 5623 382 5696 eadhaed
397 5629 529 5684 nostram
544 5625 690 5684 relaturus
705 5622 955 5683 omnisnotitiam
1010 5619 1191 5694 abepiscopo
1207 5619 1835 5695 bonifaciopostulandum,utdipaoretuccd

129 5695 955 5850 btbttfttttlnttattitulatus
1008 5691 1835 5842 ubttffuttttufutttftuutt
