4052 6164
175 175 254 244 1403
476 173 617 242 Anser.
638 175 736 240 alst.
760 177 859 240 lllS'l'.
882 177 934 240 DF.
955 177 1033 244 vl'r.
1056 173 1574 242 nott.1>0nr.-srneu.v1.
1798 173 1878 238 {th

244 311 464 382 (tercentorum,
476 309 576 384 inqua
590 311 744 368 sacerdotii
759 310 936 386 fungebatur
950 311 1056 380 officio,
1069 310 1182 368 modico
1198 311 1241 367 uti
1256 315 1433 384 ornatu,pro
1444 306 1604 370 reverentia
1613 309 1643 368 st
1652 323 1752 368 amore
1760 324 1881 367 eorum·

246 411 313 468 dem
328 413 496 467 sanctorum
512 408 618 466 obtulit
631 408 661 464 in
675 426 709 466 ea
732 425 848 466 crucem
873 425 991 466 auream
1016 426 1105 483 super
1127 408 1230 478 altare,
1245 425 1312 465 cum
1328 406 1453 483 gemmis
1466 412 1498 466 et
1511 407 1628 478 smalto,
1645 411 1674 465 et
1688 407 1827 483 sagulum
1843 407 1879 463 ad

245 506 433 580 pendendum
448 507 478 562 in
493 523 592 580 regno,
610 511 637 562 et
651 510 796 562 cerostata
808 506 913 562 vestita
923 507 958 562 dc
969 510 1088 580 argento
1100 505 1182 579 paria
1193 507 1362 579 duo.Atque
1378 522 1435 578 pra
1450 503 1542 562 nimio
1557 521 1657 562 amore
1672 502 1790 561 illorum
1801 503 1882 560 idam

192 605 227 662 ⁴5
245 604 477 678 benignissimus
489 621 563 677 papa
575 602 698 660 contulit
707 603 816 660 ibidem
832 604 1002 662 cantharam
1018 608 1187 662 exauratam
1203 602 1493 671 unam,salomonem
1506 619 1743 676 unum,regnum
1755 618 1881 658 aureum

246 717 426 770 unum,eum
442 701 567 774 gemmis
583 699 964 774 pretiosissimis,etvestem
981 717 1070 758 unam
1086 717 1153 757 cum
1170 717 1240 758 auro
1255 704 1285 756 et
1299 699 1424 774 gemmis
1437 698 1620 772 sibimetque
1629 697 1882 756 Sermonumlibr.

247 815 351 866 unum,
367 799 520 856 Gestarum
536 797 602 854 libr.
619 814 721 865 unum,
735 796 958 871 Evangeliorum
974 797 1081 856 librum
1097 815 1201 866 unum,
1213 813 1280 853 cum
1296 794 1499 870 epistolis.liic
1515 795 1578 869 ipse
1593 795 1760 869 praecipuus
1771 793 1880 868 presul

246 896 341 970 magis
356 900 385 952 et
399 894 494 968 magis
508 893 605 950 divino
620 893 680 950 zclo
692 895 799 950 duatus
815 894 845 950 in
861 896 1031 950 eorumdem
1061 898 1231 950 sanctorum
1261 896 1359 950 motus
1388 909 1487 950 amore
1513 893 1581 949 iecit
1594 893 1625 948 in
1639 891 1766 950 basilica
1779 908 1884 949 eorum

246 992 374 1050 canistra
388 991 424 1048 de
439 994 558 1064 argento
574 990 732 1063 purissimo
748 990 827 1047 mirae
844 989 1072 1064 pulchritudinis
1088 994 1206 1064 operata
1221 1006 1343 1047 numero
1357 991 1537 1064 quindecim,
1553 989 1774 1064 pensan.simul
1788 989 1882 1046 libras

191 1091 227 1146 20
245 1089 375 1164 triginta,
392 1091 421 1146 et
435 1088 539 1146 tribuit
552 1087 682 1145 codicem
698 1105 791 1144 unum
807 1089 885 1146 beati
900 1088 1023 1146 loannis
1038 1087 1250 1162 chrysostomi.
1615 1089 1623 1146 .'

281 1185 450 1244 cherceii
464 1189 563 1243 autem
578 1185 655 1242 idem
672 1185 816 1243 almificus
832 1202 907 1260 papa
922 1187 950 1241 in
967 1185 1053 1243 titulo
1072 1186 1166 1242 saneti
1191 1183 1321 1242 Marcelli
1346 1186 1484 1260 martyris
1511 1189 1600 1260 atque
1626 1185 1777 1260 pontilicis
1797 1185 1884 1243 eani-

246 1288 341 1342 strum
356 1286 527 1357 argenteum
541 1298 642 1350 unam,
658 1299 780 1356 pensan.
797 1282 887 1338 libras
901 1287 961 1340 tres
977 1300 984 1340 :
1002 1299 1119 1340 erucem
1134 1283 1170 1339 de
1185 1299 1257 1340 auro
1272 1299 1374 1352 unam,
1389 1282 1454 1341 vela
1477 1281 1555 1340 linea
1577 1298 1628 1340 sex
1642 1285 1672 1341 et
1684 1281 1800 1357 viginti,
1817 1298 1884 1340 cor·

244 1381 337 1438 tinam
353 1379 461 1438 lincam
471 1396 572 1450 unam,
586 1379 733 1454 simulque
744 1385 773 1437 et
787 1379 980 1438 Historiarum
991 1380 1101 1438 librum
1112 1396 1216 1449 unum,
1228 1378 1371 1438 homelias
1383 1379 1478 1438 saneti
1491 1378 1622 1454 Gregorii
1632 1393 1756 1436 numeru
1765 1379 1883 1454 viginti.

246 1479 327 1537 Misit
348 1495 465 1552 quoque
487 1477 516 1533 in
536 1477 689 1534 ecclesiam
712 1482 818 1535 sancto
838 1477 890 1534 Dei
906 1476 1061 1535 Genitrieis
1073 1492 1246 1552 semperque
1260 1477 1389 1552 Virginis
1404 1477 1513 1546 Maria,
1530 1477 1619 1534 sitam
1634 1476 1664 1532 in
1681 1476 1883 1547 Montaniana,

209 1577 228 1633 5
245 1575 354 1633 librum
370 1575 482 1652 Regum
499 1591 602 1644 unum,
617 1578 729 1632 vestem
744 1573 867 1632 sericam
880 1592 970 1650 super
983 1574 1074 1633 altare
1089 1591 1190 1632 unam.
1205 1574 1272 1633 tam
1288 1579 1468 1632 memoratus
1483 1573 1660 1632 mitissimus
1674 1589 1751 1649 papa
1766 1573 1838 1632 iecit
1851 1573 1882 1630 in

246 1673 424 1731 monasterio
435 1672 471 1730 ad
482 1672 591 1730 clivum
602 1671 715 1741 Scauri,
726 1689 842 1730 crucem
857 1690 977 1730 auream
990 1690 1091 1740 unam,
1106 1689 1219 1730 necnon
1234 1672 1368 1730 omnium
1380 1670 1569 1730 ecclesiarum
1585 1670 1818 1730 sollicitudinem
1833 1671 1884 1728 ha·

245 1775 319 1833 bens
334 1775 397 1849 ipse
411 1773 564 1848 piissimus
581 1774 664 1830 Pater
678 1772 802 1830 contulit
818 1773 848 1830 in
864 1775 1041 1832 monasterio
1057 1775 1150 1833 sancti
1169 1772 1299 1832 Silvestri
1314 1774 1344 1830 in
1360 1777 1460 1830 monte
1474 1773 1592 1831 Soracte
1606 1771 1883 1847 thymiamaterium

247 1873 282 1930 de
297 1875 418 1948 argento
433 1887 537 1939 unum,
553 1870 711 1929 cautellam
728 1875 898 1945 argenteam
913 1889 1014 1930 unam.
1031 1872 1067 1930 nt
1081 1871 1176 1945 magis
1191 1887 1225 1929 ao
1239 1871 1335 1946 magis
1351 1869 1447 1930 divino
1463 1885 1562 1928 amore
1587 1885 1748 1928 succensus
1767 1869 1839 1926 tecit
1852 1869 1883 1926 in

245 1969 332 2027 titulo
348 1973 454 2026 sancta
471 1968 657 2026 Pudentiana
671 1968 846 2026 Sermonum
858 1968 967 2027 librum
978 1985 1073 2026 unum
1084 1985 1091 2026 :
1103 1974 1142 2036 at,
1153 1967 1184 2026 in
1196 1967 1281 2026 titulo
1294 1969 1385 2026 beata
1399 1967 1572 2037 Anastasia,
1584 1967 1759 2025 Sermonum
1770 1970 1801 2023 at
1814 1965 1885 2040 Epi·

193 2069 228 2124 10
246 2067 390 2125 stolarum
404 2066 515 2124 librum
530 2083 632 2124 unum.
645 2066 943 2140 miserandaque
956 2071 1076 2125 vocatur
1090 2066 1264 2135 Jerusalem,
1281 2067 1311 2122 in
1327 2067 1461 2124 susurrio
1475 2064 1584 2124 obtulit
1597 2065 1707 2123 librum
1720 2065 1837 2140 Regum
1852 2069 1882 2122 et

247 2164 412 2223 Salomonis
428 2180 531 2232 unum,
547 2163 777 2222 etreverentiam
792 2163 867 2222 beati
883 2165 1013 2240 Gregorii
1041 2163 1224 2239 praecessoris
1248 2163 1295 2222 sui
1317 2180 1375 2237 pra
1399 2162 1493 2222 oculis
1517 2162 1615 2221 cordis
1638 2161 1762 2232 habens,¹
1777 2161 1885 2220 tribuit

247 2261 326 2318 idem
342 2277 479 2319 summus
494 2260 624 2334 pontifex
637 2260 667 2316 in
683 2260 818 2334 hospitali
834 2260 928 2334 ipsius
944 2263 1020 2320 beati
1036 2263 1167 2338 Gregorii
1182 2263 1212 2319 in
1227 2261 1341 2337 porticu
1364 2262 1442 2319 beati
1466 2263 1545 2319 Petri
1563 2261 1688 2336 apostoli
1703 2261 1883 2319 Sermonem

247 2363 417 2416 sanctorum
432 2357 541 2414 librum
556 2373 659 2414 unum.
675 2358 710 2414 ut
724 2357 754 2414 in
770 2357 871 2415 schola
884 2364 1049 2430 cantorum,
1066 2359 1259 2434 quapridem
1275 2358 1565 2435 orphanotrophium
1587 2359 1757 2430 vocabatur,
1773 2359 1884 2433 Hepta-

247 2455 387 2513 teuchum
402 2471 506 2513 unum.

283 2552 360 2610 GGG
376 2552 455 2610 Idem
471 2555 570 2609 antem
585 2551 823 2628 elegantissimus
843 2552 949 2626 praesul
972 2557 1061 2627 atque
1081 2553 1261 2612 fortissimae
1287 2558 1371 2612 raetia
1400 2553 1469 2611 tldei
1497 2554 1669 2628 predicator
1682 2553 1714 2611 in
1728 2552 1885 2612 ecclesiam

248 2650 445 2714 Ravennatem
461 2649 523 2707 auri
537 2649 629 2707 libras
643 2651 809 2724 duodecim,
820 2651 932 2726 argenti
946 2651 1072 2708 libras...
1088 2652 1202 2709 remisit
1222 2669 1275 2726 pro
1298 2651 1402 2710 anima
1427 2668 1487 2708 suae
1501 2651 1642 2719 remedio,
1657 2667 1722 2725 qua
1737 2667 1884 2726 quomm-

248 2750 316 2806 dam
332 2747 572 2822 subreptionibus
587 2748 656 2806 inde
670 2747 787 2806 lucrant
800 2748 914 2806 ablata.
926 2749 1068 2806 Similiter
1081 2727 1111 2806 et
1124 2749 1154 2806 in
1170 2749 1292 2807 ecclesia
1308 2750 1446 2807 lmolensi
1456 2749 1521 2808 auri
1536 2749 1626 2807 librae
1642 2748 1885 2823 septem,argenti

246 2845 372 2904 libras...
389 2845 501 2902 ablatas
516 2845 654 2904 restituit.
671 2846 743 2903 Item
759 2847 852 2902 Deum
867 2863 925 2919 prae
941 2845 1034 2903 oculis
1050 2847 1161 2904 habens
1177 2845 1206 2902 in
1223 2829 1398 2904 Bononiensi
1413 2831 1536 2904 ecelesia
1555 2850 1692 2920 patenam
1706 2847 1744 2903 de
1759 2849 1885 2921 argento

210 2945 229 3002 5
249 2961 339 3001 unam
354 2960 436 3018 aeque
451 2942 586 3001 reddidit.
604 2943 664 3000 lmo
680 2948 709 3000 et
723 2961 775 3018 pro
790 2943 910 3018 perenni
926 2945 1057 3002 mercede
1073 2943 1103 3000 in
1119 2943 1242 3002 ecclesia
1255 2943 1329 3001 alias
1342 2947 1513 3002 sanctorum
1528 2943 1667 3018 reliquias
1683 2959 1736 3018 per
1749 2943 1885 3000 diversos

252 3041 416 3099 cardinales
430 3040 544 3108 titulos,
559 3039 632 3097 alias
656 3040 744 3098 etiam
769 3041 998 3115 circumquaque
1017 3059 1070 3115 per
1089 3042 1203 3099 diversa
1215 3041 1339 3116 largitus
1353 3047 1400 3099 est
1413 3042 1601 3114 monasteria,
1617 3041 1669 3099 ubi
1684 3041 1888 3115 plurimisco·

248 3144 369 3196 ruscant
381 3137 554 3195 miraculis:
572 3138 731 3194 maximam
746 3155 812 3196 vero
827 3144 941 3214 partem
955 3139 1046 3213 digna
1059 3139 1282 3197 honoriticentia
1310 3139 1461 3198 collocavit
1488 3141 1566 3213 apud
1595 3138 1831 3212 ecclesiamque
1847 3138 1883 3196 ad

248 3235 396 3310 apostolos
411 3236 616 3294 dicitur.iianc
632 3236 712 3293 senio
725 3242 930 3311 consumptam
946 3243 975 3294 et
989 3236 1080 3294 ruina
1096 3237 1259 3312 proximam
1269 3237 1362 3295 isdem
1375 3237 1581 3294 sanctissimus
1591 3237 1885 3310 papaaiundamen·

247 3335 287 3393 tis
302 3335 460 3402 renovavit,
477 3337 506 3391 at
519 3333 654 3407 plurimis
670 3334 800 3391 donariis
813 3336 938 3408 compsit
953 3339 981 3392 et
995 3334 1186 3392 ornamentis.
1203 3335 1274 3392 Erat
1301 3335 1409 3409 quippe
1437 3334 1535 3392 omnis
1561 3336 1626 3407 ejus
1650 3333 1787 3401 intentio,
1803 3338 1838 3389 ut
1852 3350 1886 3389 ea

195 3433 230 3490 10
249 3449 366 3505 semper
381 3437 557 3506 ageretque
573 3433 630 3488 Deo
646 3436 717 3488 sunt
729 3432 928 3506 acceptabilia.
945 3434 1018 3489 Cum
1047 3432 1145 3490 clades
1174 3433 1274 3506 itaque
1300 3433 1491 3502 locustarum,
1506 3449 1571 3506 quaa
1600 3430 1826 3505 predecessoris
1841 3429 1887 3488 eni

247 3529 366 3586 Adriani
381 3528 515 3586 videlicet
531 3534 661 3601 tempora
676 3533 767 3586 totam
780 3531 904 3602 patriam
921 3547 994 3602 pene
1008 3535 1243 3602 consumpserat,
1258 3529 1335 3588 male
1362 3529 1559 3603 multiplicato
1583 3527 1716 3603 germine
1730 3527 1814 3585 nasci
1829 3545 1887 3586 cte·

250 3625 364 3698 pissant
377 3630 407 3682 et
420 3625 519 3681 omnia
534 3623 733 3697 replevissent,
751 3625 889 3684 misertus
915 3627 993 3684 idam
1016 3627 1224 3684 sanctissimus
1249 3643 1326 3700 papa
1353 3625 1461 3684 afflicto
1485 3624 1604 3700 populo,
1620 3624 1750 3699 primum
1764 3625 1888 3698 quidem

250 3720 409 3796 divulgavit
422 3725 454 3776 ut
469 3721 493 3777 si
509 3720 576 3794 quis
588 3721 623 3777 de
633 3721 675 3777 eis
685 3738 778 3778 unum
794 3723 954 3780 sextarium
970 3729 1086 3799 caperet
1099 3728 1129 3782 et
1144 3724 1200 3782 sibi
1214 3724 1373 3795 attulisset,
1384 3725 1514 3798 quinque
1529 3727 1580 3782 aut
1594 3722 1793 3782 sexdenarios
1805 3721 1842 3782 ah
1852 3739 1887 3780 eo

249 3817 420 3894 perciperet.
437 3818 496 3875 Hoc
511 3821 610 3875 autem
631 3817 731 3891 populi
755 3820 907 3877 audientes
933 3825 1084 3895 coeparnnt
1113 3821 1171 3878 huc
1195 3825 1284 3894 atquc
1311 3820 1381 3877 illuc
1411 3820 1584 3891 discurrere,
1600 3837 1711 3894 easque
1725 3836 1840 3894 capere,
1857 3824 1887 3878 et

197 3921 232 3976 15
251 3916 527 3975 misericordissimo
542 3915 618 3972 Patri
635 3917 671 3972 ad
686 3919 842 3974 emendum
860 3923 986 3991 portare.
1004 3919 1060 3976 Sed
1076 3937 1143 3977 cum
1159 3917 1225 3976 illas
1239 3911 1290 3975 t'ali
1314 3921 1486 3992 argumento
1515 3916 1611 3976 delere
1639 3917 1832 3992 nequivisset,
1850 3917 1886 3973 ad

249 4015 364 4074 Domini
380 4013 612 4072 misericordiam
628 4015 812 4088 confugiens,
828 4017 858 4074 in
874 4017 1034 4074 oratorium
1050 4017 1127 4074 beati
1144 4015 1286 4090 Gregorii,
1303 4013 1355 4073 ubi
1379 4017 1443 4088 ejus
1466 4013 1560 4073 lectus
1585 4014 1722 4083 habetur,
1735 4015 1824 4088 juxta
1837 4032 1887 4072 ec-

249 4110 368 4169 clesiam
382 4109 522 4184 principis
538 4109 747 4184 apostolorum,
763 4091 882 4168 leniens
898 4130 961 4170 sesa
977 4131 1045 4172 cum
1060 4113 1197 4188 lacrymis
1212 4113 1242 4169 in
1258 4114 1421 4172 orationem
1437 4113 1528 4182 dedit,
1543 4127 1671 4185 cumque
1690 4113 1807 4170 diutius
1821 4129 1888 4169 cra·

249 4213 303 4282 ret,
320 4207 455 4279 surrexit,
476 4213 505 4266 et
519 4225 626 4282 aquam
652 4208 778 4283 propriis
802 4210 939 4268 manibus
968 4211 1153 4282 benedicens,
1182 4209 1391 4269 mansionariis
1418 4209 1566 4285 pracepit,
1582 4209 1683 4267 dicens
1699 4225 1707 4266 t
1723 4208 1842 4276 Tollite,
1858 4213 1888 4266 et

250 4305 374 4382 singulis
389 4305 566 4374 distribuite,
583 4310 736 4363 monentes
761 4310 794 4364 ut
816 4309 845 4365 in
870 4308 989 4367 nomina
1016 4309 1133 4368 Domini
1153 4326 1239 4384 agros
1253 4325 1324 4366 suos
1339 4310 1531 4378 circumeant,
1546 4313 1576 4365 et
1589 4307 1666 4365 hauc
1679 4321 1790 4380 aquam
1805 4323 1888 4380 span

196 4408 231 4463 20
250 4409 322 4481 gant
336 4422 388 4478 per
402 4408 467 4461 sata
481 4407 510 4460 et
524 4403 634 4471 vineas,
650 4409 781 4478 petentes
797 4405 928 4463 divinum
944 4407 1001 4464 sibi
1016 4407 1209 4482 sullgrsgium
1224 4409 1253 4464 et
1267 4405 1446 4464 subsidium.
1463 4408 1525 4472 Quo
1548 4405 1624 4461 iacto
1647 4408 1732 4461 tanta
1747 4405 1885 4477 omnipo·

249 4503 339 4560 tentis
355 4501 404 4559 bai
420 4501 578 4559 subsecuta
593 4507 637 4559 est
651 4501 862 4573 misericordia,
879 4510 911 4561 ut
926 4507 1094 4580 ubicunque
1109 4505 1173 4579 ipsa
1189 4521 1266 4578 aqua
1280 4520 1440 4578 conspersa
1465 4507 1510 4562 eet
1533 4501 1615 4560 nulla
1637 4500 1758 4575 penitus
1771 4501 1886 4560 locusta

250 4605 423 4658 remaneret.
442 4601 506 4657 limo
521 4599 751 4675 circumquaque
761 4601 849 4658 vicini
862 4603 1013 4660 audientes
1028 4604 1064 4660 ad
1080 4603 1188 4659 Urbem
1203 4601 1367 4670 confluunt,
1384 4599 1533 4658 subveniri
1555 4598 1612 4656 sibi
1631 4599 1808 4672 deposcunt,
1823 4615 1887 4656 om·

251 4715 318 4755 nem
333 4703 441 4755 terram
458 4699 488 4755 in
505 4696 632 4771 pulveris
647 4698 768 4756 modum
784 4699 906 4757 locustis
921 4705 1087 4774 coopertam
1102 4699 1263 4769 clamitant,
1279 4715 1354 4772 quos
1375 4697 1530 4772 piissimus
1552 4713 1630 4770 papa
1651 4694 1779 4768 benigne
1804 4711 1887 4752 com—

253 4795 377 4864 monuit,
394 4812 444 4853 eos
473 4795 508 4854 de
536 4795 607 4854 coelo
635 4797 779 4854 auxilium
807 4801 905 4872 petere
934 4799 1039 4857 debere
1068 4802 1169 4855 contra
1197 4796 1347 4872 flagellum
1372 4795 1542 4862 imminens,
1558 4797 1668 4851 etmox
1682 4792 1761 4851 lata.
1783 4793 1888 4850 Goeterc

200 4891 236 4944 25
254 4889 453 4950 ἀωίᾱεναηιιιν.

864 4985 986 5043 VARIAE
1005 4983 1204 5044 LGGTIONES

299 5065 342 5121 Ec
355 5064 444 5123 codiee
459 5069 548 5140 Regio,
566 5073 712 5129 Macerino
727 5079 753 5130 et
768 5073 887 5132 Theano.
1019 5072 1137 5146 Aeula,
1154 5088 1217 5145 quae
1237 5071 1356 5140 fiebant,
1372 5067 1608 5146 adscribentihus
1632 5082 1684 5140 pro
1708 5064 1889 5122 determina·

697 5185 702 5192 ·
1062 5135 1890 5214 tioneleprosusintersanetosMartinumotGermanum

219 5211 294 5264 Num
309 5205 371 5274 ott,
388 5206 430 5264 tin
446 5208 471 5280 1,
484 5206 658 5290 Stephanus,
667 5213 733 5267 ante
747 5212 928 5284 Stephanum
940 5233 1010 5288 pra·
1063 5213 1186 5288 positus,
1203 5231 1237 5270 ex
1252 5216 1333 5284 parte
1352 5213 1470 5270 Martini
1494 5213 1613 5268 curatus
1637 5212 1754 5264 tantum
1767 5224 1775 5276 ;
1789 5211 1822 5264 et
1835 5207 1892 5264 alia

184 5279 311 5336 mittitur
325 5279 453 5336 ioannes
468 5277 1009 5354 Vlll.MartinusSecnndus,etAdria-
1063 5290 1147 5342 nocta
1161 5299 1295 5341 reversus
1312 5301 1346 5341 ex
1361 5281 1418 5340 alia
1433 5287 1516 5356 parte
1531 5283 1567 5340 ab
1583 5280 1686 5338 eodem
1702 5283 1825 5336 curatus
1835 5283 1891 5346 est3

185 5369 241 5408 nus
257 5351 385 5406 Tertius.
404 5349 699 5432 Verumha‘coltcriua
715 5357 833 5410 onemris
851 5363 927 5412 sunt.
947 5358 1009 5414 Vide
1063 5374 1120 5413 non
1154 5354 1462 5429 replerimpotentlam
1473 5348 1849 5423 Germani;sedquodhos
1872 5349 1893 5404 l·

187 5421 381 5478 testimoniode
394 5421 538 5478 Anastasio
552 5422 626 5478 dicto
654 5421 1009 5496 tin1,axpalreAdriano
1063 5433 1123 5485 tem
1132 5374 1297 5483 honoravit.
1316 5429 1424 5484 Gaetero
1452 5425 1546 5482 omnio
1574 5419 1775 5480 desideranter.
1791 5421 1826 5476 ln

187 5493 283 5575 ditia
300 5499 377 5560 Lala,
394 5494 470 5575 {edil
485 5510 577 5550 annos
588 5493 619 5575 .⁶’
637 5490 699 5548 dies
709 5509 811 5575 11⁰me
826 5502 872 5560 ;et
886 5499 1011 5556 cessavit
1063 5508 1154 5556 ouum
1166 5497 1305 5570 Stephano
1326 5497 1428 5554 desinit
1452 5496 1597 5552 Anastasii
1620 5493 1704 5549 stitia
1717 5491 1891 5575 dogmaticae,

187 5565 530 5705 {institistis
539 5564 1010 5708 illittttt⁰ttttt⁰tttn
1064 5569 1780 5722 nt.tttttttitttttttttttn
1794 5563 1895 5691 Gn

188 5710 267 5761 runt.
276 5705 395 5788 Propter
403 5706 534 5779 ipsorum
545 5708 678 5764 timorem
691 5724 797 5781 corpus
807 5709 883 5765 beati
894 5711 1011 5767 Martini
1065 5714 1130 5785 quin
1145 5713 1222 5768 nobas
1236 5713 1414 5795 proepesiturn
1427 5712 1483 5782 snit
1494 5708 1672 5767 tenetentum
1680 5709 1792 5762 tinctum
1800 5721 1893 5788 recese-

188 5777 368 5834 Turonensis
380 5777 590 5837 altisiodorum
605 5784 651 5836 est
664 5779 860 5854 deportatum,
877 5785 906 5838 et
920 5781 950 5838 in
966 5799 1012 5839 cc·
1065 5798 1134 5849 sere,
1149 5789 1175 5838 ct
1191 5784 1315 5852 puriores
1343 5782 1470 5839 editionis
1498 5781 1665 5838 oececienem
1726 5783 1828 5834 esrom
1845 5793 1893 5844 ns,

188 5846 279 5904 alesia
302 5849 395 5905 sancti
419 5851 555 5909 Germani
584 5851 768 5910 collocatum.
786 5853 841 5910 Sed
861 5852 1013 5910 monachis
1067 5854 1165 5926 quitata
1178 5852 1269 5907 nee'uc
1283 5855 1371 5909 otium
1387 5854 1513 5925 suppetit,
1529 5850 1589 5908 ideo
1617 5849 1663 5906 hic
1742 5847 1853 5918 ‘niman
1867 5855 1895 5904 et

188 5922 309 5994 propter
322 5918 483 5985 oblationes
498 5923 732 5996 litigantibus‚et
746 5941 799 5982 suo
815 5924 1014 5983 sanctomira·
1066 5924 1206 5993 montium
1252 5924 1339 5980 aitte
1351 5923 1539 5998 pauentium
1552 5922 1624 5980 ultre
1637 5917 1831 5994 relinquintes.
