4048 6174
233 235 292 296 aas
715 287 720 299 ,
805 219 1012 282 sansrasn
1035 213 1363 278 oromorunumu.
1500 158 1508 175 ⁶
1810 269 1813 276 ,
1849 215 1922 284 aa

275 370 294 425 5
315 381 389 426 rura
411 361 454 441 (o)
467 358 643 432 commisso,
657 355 821 418 deindead
843 354 1028 416 diaconatus
1049 349 1190 412 ordinem
1213 350 1379 430 prouectas
1402 351 1459 406 est.
1472 345 1511 406 Et
1531 359 1603 404 cum
1624 341 1689 404 rire
1709 351 1809 406 sancto
1825 347 1900 409 tlem-

317 477 440 540 tantino
455 476 603 556 pontifice
619 474 659 536 nd
674 473 792 552 regium
817 471 976 553 protectus
998 473 1044 529 est
1065 466 1188 538 urbam,
1201 470 1295 543 atque
1318 481 1336 522 a
1357 463 1373 524 l
1378 460 1536 522 catiniano
1558 457 1697 540 principe
1711 459 1859 540 inquisitus
1874 465 1904 527 ds

319 592 508 674 quibusdum
532 589 824 672 capitulis,opti1na
846 585 1049 666 responsione
1072 597 1330 661 unamquamque
1342 577 1435 638 soluit
1456 575 1677 657 quaestionem.
1692 575 1763 636 Erat
1781 577 1852 638 enim
1870 579 1907 642 uir

316 715 432 783 castus,
457 707 571 769 divinae
594 706 765 786 Scriptura
787 703 939 778 eruditus,
963 699 1119 762 secundus
1139 695 1267 778 loquela
1287 701 1319 757 et
1339 693 1488 758 constans
1517 692 1636 781 enimn)
1658 691 1906 756 ecclesiastieorum

317 844 423 888 rorum
444 823 590 886 defensor
610 827 642 884 ot
663 819 829 884 contrariis
844 816 883 900 (l)
908 815 1096 880 fortissimus
1117 812 1333 894 impugnator.
1356 809 1412 870 llic
1434 807 1564 870 excrdio
1586 805 1781 887 pontificatus
1798 809 1840 868 sai
1857 809 1908 870 eat·-

259 940 297 1002 lO
319 939 419 1002 carias
441 938 574 1020 decoqui
591 937 695 1018 jussit,
720 943 751 1000 et
773 955 792 998 a
813 941 905 1018 porta
925 931 965 1015 (c)
987 931 1086 994 saneti
1106 928 1269 992 Laurentii
1289 925 1446 988 inchoans
1467 921 1563 1004 hujus
1593 920 1725 983 ciuitatis
1745 939 1841 988 muros
1859 943 1909 986 res

319 1063 445 1118 tuerere
465 1055 659 1129 decreverat,
682 1059 713 1114 et
734 1053 875 1133 aliquam
897 1053 1021 1132 partem
1045 1046 1173 1120 taciens,
1197 1042 1432 1123 emergentibus
1454 1038 1639 1120 incongruis
1651 1037 1799 1119 variisque
1818 1041 1912 1102 [aaut

320 1171 412 1246 tibus,
438 1169 629 1252 prepeditus
650 1174 708 1230 est.
826 1176 832 1186 ’

362 1291 443 1348 m
465 1285 510 1368 (d)
531 1285 632 1365 liujus
654 1283 849 1366 temporibus
869 1283 1008 1346 ioannes
1036 1275 1403 1357 constantinopolitanus
1433 1272 1563 1336 antistes
1591 1269 1770 1352 synodicam
1791 1271 1817 1333 ei
1836 1275 1913 1350 misit,

320 1408 415 1481 atque
436 1401 476 1462 ad
499 1420 570 1462 eum
598 1399 758 1481 rescriptis
786 1399 869 1460 idem
893 1416 967 1460 usus
988 1401 1034 1458 est
1064 1394 1217 1476 pontifex.
1240 1391 1297 1453 ilie
1327 1389 1499 1451 maximam
1531 1391 1656 1469 partem
1687 1385 1817 1449 basilicae
1846 1389 1915 1454 beati

320 1516 413 1580 Pauli
435 1514 471 1598 (e)
494 1515 638 1596 apostoli,
663 1536 735 1597 quaa
756 1515 920 1590 occiderat,
945 1513 1049 1576 allatis
1070 1512 1109 1572 de
1130 1507 1275 1572 Calabria
1296 1505 1438 1568 trabibus
1460 1503 1636 1584 cooperuit,
1660 1507 1692 1564 ct
1713 1503 1914 1570 altaruanoro

321 1634 404 1708 feeit,
428 1637 459 1694 et
480 1632 634 1694 ciborium
656 1637 851 1712 argenteum,
865 1629 949 1712 quod
972 1630 1075 1690 tuerat
1095 1625 1187 1688 ruina
1208 1628 1391 1704 quassatum
1410 1620 1466 1704 (Ι).
1491 1619 1532 1702 (p)
1554 1619 1664 1684 Sancti
1684 1621 1835 1684 Laurentii
1853 1624 1916 1704 peri-

281 1754 300 1812 5
323 1755 371 1814 ter
392 1747 555 1812 ecelesiam
576 1747 653 1810 toris
674 1745 781 1810 muros
802 1747 906 1824 sitam,
930 1763 1001 1825 qum
1023 1741 1166 1804 trabibus
1187 1737 1355 1802 contractis
1375 1737 1475 1800 ruina
1494 1735 1563 1816 jem
1584 1740 1653 1798 erat
1679 1735 1791 1810 uicina,
1812 1752 1917 1819 repara·

323 1865 378 1939 vit,
397 1869 491 1943 atque
514 1881 630 1944 aquam
652 1861 765 1923 fistulis
787 1859 1017 1944 compaginatis
1032 1863 1103 1939 post
1118 1855 1252 1918 multum
1275 1859 1399 1934 tempus
1420 1853 1453 1914 in
1468 1851 1613 1916 eamdem
1628 1851 1789 1913 ecelesiam
1804 1851 1914 1924 reduxit,

324 1979 525 2058 diversasque
547 1977 695 2042 eeclesias
715 1977 747 2037 in
770 1977 872 2038 ruinis
891 1975 1010 2058 positas
1030 1971 1204 2046 innovavit,
1227 1989 1305 2051 quas
1334 1987 1390 2052 per
1420 1967 1562 2030 ordinem
1593 1967 1700 2030 dicere
1729 1967 1848 2048 longum
1872 1975 1914 2032 et.

325 2093 380 2156 llic
402 2093 433 2155 in
457 2093 624 2154 Germania
646 2111 702 2172 por
723 2090 920 2154 Boniiaeium
943 2091 1125 2172 episcopum
1147 2086 1279 2148 uerbum
1310 2083 1419 2146 salutis
1441 2081 1635 2164 praedioavit,
1661 2089 1695 2144 et
1713 2090 1831 2164 gentem
1849 2086 1915 2148 illam

324 2210 483 2272 sedentem
505 2207 537 2269 in
560 2207 697 2269 tenebris
718 2207 862 2269 doctrina
883 2207 962 2268 lueis
983 2203 1138 2267 convertit
1160 2203 1199 2264 ad
1221 2201 1392 2292 Christum.
1415 2200 1472 2260 llic
1494 2199 1698 2275 monasteria,
1721 2219 1788 2280 qum
1803 2201 1915 2284 secasti]

265 2328 303 2390 lt}
324 2325 486 2388 basilicam
508 2323 610 2385 saneti
631 2323 723 2384 Pauli
750 2328 850 2396 erant,
874 2321 913 2382 ad
947 2320 1149 2382 sulutidiuem
1180 2289 1317 2378 deducta
1347 2315 1520 2392 innovavit,
1544 2321 1639 2395 atque
1672 2315 1819 2377 ordinatis
1843 2319 1918 2378 serris

323 2440 379 2504 Dei
402 2438 577 2514 monachis,
601 2437 879 2518 congregationem
903 2440 975 2516 post
995 2435 1126 2514 longum
1149 2439 1273 2514 tempus
1304 2431 1476 2506 constituit,
1500 2435 1536 2492 ut
1562 2429 1683 2492 ibidem
1712 2431 1761 2492 die
1789 2439 1919 2513 noctuque

326 2561 391 2619 Deo
414 2555 582 2618 redderent
603 2554 723 2615 landos.
747 2553 803 2615 llio
825 2551 1040 2633 gerocomium
1062 2549 1109 2632 (ι’),
1134 2548 1219 2630 quod
1241 2554 1314 2628 post
1343 2546 1484 2609 absidem
1506 2551 1622 2611 sanctur
1645 2545 1703 2608 Dei
1724 2549 1873 2610 Genitrieis
1889 2549 1920 2610 ad

329 2675 472 2752 Prresepe
494 2669 588 2731 situm
611 2673 667 2742 est,
692 2669 917 2730 monasterium
939 2665 1040 2728 saneti
1061 2664 1194 2727 Andreae
1217 2663 1361 2745 apostoli,
1386 2662 1471 2743 quod
1502 2661 1652 2724 Barbarm
1676 2670 1871 2743 nuncupatur,
1889 2665 1923 2725 ad

326 2785 456 2848 nimiam
481 2783 651 2846 deductum
674 2783 893 2856 desertionem,
917 2781 949 2842 in
971 2799 1034 2861 quo
1058 2798 1115 2842 nee
1137 2795 1219 2854 unus
1240 2777 1418 2840 habebatur
1441 2775 1475 2859 (t)
1500 2775 1687 2850 monachus,
1711 2777 1812 2840 ascitis
1833 2798 1918 2842 mona·
1985 2843 1986 2850 χ

270 2905 306 2964 ta
329 2901 397 2964 obis
418 2899 588 2973 ordinavit,
611 2904 646 2960 ut
666 2904 800 2979 utraque
823 2895 1014 2961 monasteria
1035 2896 1075 2958 nd
1097 2899 1238 2958 sanctam
1259 2893 1316 2954 Dei
1345 2892 1534 2955 debitricem
1562 2892 1698 2973 singulis
1726 2893 1829 2958 diebus
1847 2903 1919 2976 atque
1985 2889 1986 2970 i

327 3015 471 3078 noctibus
492 3013 556 3077 Deo
577 3013 686 3076 laudes
707 3017 868 3076 canerent.

368 3137 451 3191 m
472 3131 517 3192 Eo
540 3135 682 3209 tempore
703 3127 916 3209 luitprandus
937 3145 992 3188 rex
1014 3124 1216 3188 donationem
1238 3122 1421 3204 patrimonii
1441 3121 1567 3204 Alpium
1589 3123 1769 3187 Cotziarum
1784 3123 1919 3208 (ltquaur

326 3243 490 3325 Aripertus
512 3244 716 3318 recusauerat,
741 3242 855 3323 hicque
877 3241 1056 3322 repetierat,
1080 3239 1297 3302 admonitione
1327 3238 1408 3300 tanti
1436 3237 1506 3312 riri,
1530 3237 1580 3300 ret
1605 3238 1819 3320 increpatione
1838 3241 1918 3303 reddi·

328 3367 392 3423 tam
415 3359 613 3423 confirmarit
636 3357 681 3442 (t).
704 3358 804 3440 liujus
825 3357 1020 3438 temporibus
1042 3358 1166 3437 signum
1189 3355 1220 3417 in
1242 3355 1318 3416 luna
1339 3355 1456 3416 sactum
1479 3359 1526 3416 est
1553 3352 1805 3432 insinuaueris,
1827 3363 1854 3420 et
1871 3357 1920 3417 risa

328 3483 375 3539 est
397 3480 528 3538 cruenta
549 3493 649 3556 nsque
671 3475 711 3536 ud
733 3473 868 3536 mediam
891 3480 1027 3535 neotum.
1050 3473 1095 3534 Eo
1117 3473 1224 3552 itaque
1245 3477 1389 3550 tempore
1410 3470 1518 3532 'leudo
1538 3467 1603 3552 (m),
1626 3470 1694 3532 dux
1716 3474 1813 3552 gentis
1831 3472 1918 3552 Bajas-

288 3595 305 3656 5
329 3591 448 3653 riorum
470 3589 526 3670 (a),
551 3589 590 3651 ad
623 3589 759 3669 apostoli
786 3588 871 3650 beati
895 3587 980 3650 Petri
1010 3587 1130 3660 limina,
1155 3587 1276 3666 primus
1297 3583 1335 3648 dc
1358 3589 1450 3664 genle
1482 3566 1603 3660 eadem,
1627 3589 1778 3662 occurrit,
1799 3589 1920 3650 orationis

329 3710 414 3767 roto.
438 3702 538 3782 Hujus
560 3703 756 3784 temporibus
777 3702 962 3765 Anastasius
983 3702 1155 3782 imperator
1182 3701 1313 3762 classem
1344 3699 1472 3762 nerium
1502 3707 1718 3782 praeparatam
1748 3703 1779 3766 in
1807 3703 1922 3786 partibus

328 3819 527 3884 Alexandria
549 3819 662 3882 direxit
684 3825 795 3881 contra
817 3837 835 3880 a
856 3822 920 3881 Deo
951 3817 1124 3879 destructos
1145 3816 1184 3898 (o)
1201 3817 1372 3896 Agareuos,
1396 3815 1451 3896 qui
1481 3817 1629 3878 adalind
1661 3820 1744 3880 versi
1773 3817 1918 3888 eonsilium,

327 3941 498 4017 antequam
523 3935 739 4017 pervenissent
760 3935 800 3997 ad
821 3933 1012 3996 destinatum
1034 3933 1151 4009 locum,
1174 3931 1348 3994 abitinere
1377 3931 1480 3994 modio
1511 3931 1552 3994 ad
1580 3933 1703 4013 regiam
1726 3935 1849 4016 regressi
1866 3937 1922 3996 sunt

328 4051 451 4130 urbem,
476 4047 687 4114 'theodosium
719 4050 930 4113 orthodoxum
953 4049 1147 4130 inquirentes
1174 4047 1399 4128 imperatorem
1430 4045 1603 4128 elegerant,
1627 4053 1726 4132 atquc
1755 4056 1880 4114 eoactum
1896 4047 1919 4108 ia

326 4167 406 4230 solio
428 4166 552 4248 imperii
573 4167 850 4228 confirmaverunt.
868 4163 1051 4228 Anastasius
1071 4163 1178 4244 itaque
1199 4181 1270 4224 eum
1293 4162 1426 4238 civibus,
1449 4163 1498 4224 rel
1520 4163 1634 4242 quibus
1663 4168 1766 4246 potuit
1793 4165 1828 4226 de
1849 4180 1917 4225 erer-

267 4285 306 4347 m
327 4283 389 4345 citu
420 4281 574 4344 munitam
607 4280 764 4344 ciuitatem
794 4281 929 4342 Nicaeam
961 4279 1099 4360 perrexit
1122 4295 1130 4338 ε
1153 4278 1218 4340 illie
1240 4276 1442 4352 cumulasse,
1465 4277 1498 4338 in
1528 4296 1592 4358 qua
1621 4279 1815 4343 Theodosius
1840 4279 1919 4339 tuerat

328 4399 510 4479 imperator,
545 4396 716 4470 dinriearit,
740 4403 771 4458 et
801 4397 866 4458 tere
887 4402 1006 4477 septem
1030 4393 1129 4456 millia
1159 4393 1315 4456 exereitus
1343 4399 1417 4454 sunt
1444 4395 1644 4475 interempta.
1669 4395 1764 4476 Cujus
1790 4389 1918 4457 Anastasii

327 4519 476 4598 superata
497 4532 570 4594 pars
591 4513 721 4574 uerbum
741 4511 807 4592 jam
830 4511 1038 4574 immunitatis
1059 4510 1200 4591 expetiit.
1224 4511 1367 4589 Dotoque
1388 4509 1447 4571 sibi
1468 4518 1668 4576 sacramento
1692 4512 1819 4577 clericus
1840 4511 1920 4572 ratur

327 4636 422 4710 atque
443 4629 607 4710 presbyter
629 4633 676 4689 est
697 4633 906 4690 corrseeratus.
930 4627 1077 4688 Protinus
1099 4625 1193 4688 etiam
1217 4632 1251 4688 ut
1273 4625 1432 4706 ingressus
1453 4631 1500 4688 est
1530 4633 1725 4689 memoratus
1754 4621 1918 4691 'theodosius

326 4745 445 4824 regiam
468 4744 590 4820 urbem,
614 4745 784 4824 imaginem
806 4743 893 4805 illam
915 4744 1140 4817 venerandam,
1163 4741 1196 4803 iu
1217 4759 1280 4823 qna
1302 4747 1418 4804 saneta
1440 4748 1530 4804 erant
1552 4762 1606 4804 sex
1629 4743 1743 4825 synodi
1757 4737 1918 4822 depietae

286 4858 304 4916 5
326 4877 345 4917 a
367 4857 543 4938 Philippico
565 4877 622 4920 neo
643 4860 775 4924 dicendo
797 4862 900 4924 suerat
920 4860 1074 4941 deposita,
1098 4859 1138 4924 in.
1154 4859 1286 4940 pristinu
1308 4858 1408 4922 erexit
1437 4858 1518 4934 leco,
1540 4857 1585 4942 (p)
1607 4859 1652 4920 ita
1683 4865 1720 4921 ut
1749 4855 1837 4936 hujus
1861 4845 1917 4914 fidei

325 4973 448 5033 serrare
470 4975 571 5036 omnis
593 4975 633 5036 ab
655 4977 795 5039 Ecclesia
816 4983 952 5040 cessaret
972 4977 1116 5057 quaestio.

367 5094 451 5148 ¹0⁰
472 5087 515 5168 (q)
536 5091 580 5151 llo
614 5097 719 5152 autom
752 5097 893 5171 tempore
924 5092 1039 5154 ilarius
1065 5091 1120 5173 qui
1149 5091 1328 5174 appellatur
1357 5091 1489 5167 Tiberis,
1513 5091 1637 5154 alveum
1669 5109 1760 5152 suum
1788 5099 1915 5166 egressus,
1987 5147 1988 5174 Ξ

1987 5179 1988 5210 t

836 5330 960 5377 NOTULAE
981 5329 1172 5377 mutuatantes
1193 5329 1353 5378 Fauuurrr.

227 5590 232 5604 x
278 5521 635 5605 (otC‚ouramsusqopit.
665 5521 978 5593 (b)C,contrariorum.
1008 5526 1087 5598 (ric,
1105 5527 1230 5600 portien.
1260 5525 1501 5599 (attVtrtalturea.
1519 5519 1829 5584 adann.7tl.tomlll.
1852 5509 1912 5592 (att.
1987 5503 1988 5580 i

242 5592 329 5652 Petra.
360 5595 592 5677 (stll,restrtu1t.
622 5594 661 5667 (9)
676 5595 839 5679 draconun.
855 5598 918 5652 710.
950 5597 1031 5669 (inti,
1049 5599 1134 5655 cirea.
1165 5602 1200 5668 (i)
1215 5600 1500 5668 gererrtueemiuur.⁸
1524 5599 1538 5671 'j
1549 5599 1579 5668 C,
1592 5597 1750 5656 habitabat.
1777 5589 1913 5667 (blssoqiffls
1987 5609 1988 5674 q

241 5680 308 5723 rum
337 5667 366 5737 (t)
382 5665 452 5747 {sate
466 5667 566 5722 Aaron.
580 5664 615 5722 ad
631 5683 695 5722 ann¹
712 5667 821 5722 Dersaioi
834 5665 897 5722 7t5.
929 5667 978 5740 (m)
993 5669 1120 5726 Tbeodu.
1151 5669 1191 5744 (a)
1206 5669 1427 5744 baugariarum.
1458 5671 1495 5745 (a)
1527 5670 1708 5730 astruendas.
1738 5667 1775 5740 (p)
1790 5665 1817 5719 in
1835 5659 1913 5736 paa-

139 5771 141 5777 ι
241 5751 314 5796 uum
330 5735 526 5795 erexrtloeuur
542 5743 629 5818 atque
644 5739 775 5797 titulum.
804 5741 842 5814 (q)
858 5745 964 5798 buron.
976 5757 1046 5799 aaa.
1061 5742 1126 5799 sta
1181 5797 1186 5810 ,
1761 5737 1765 5744 ’
