4040 6170
238 183 316 250 lm
709 171 712 178 ’
810 176 1017 245 ANASTASH
1038 175 1365 248 uleululalicaall.
1833 189 1895 256 itta

307 331 371 388 qua
379 314 721 387 ponuntursnparrugm
729 309 760 368 ln
771 308 892 369 introitu
906 309 1185 384 presbyteriidnnm
1197 308 1317 384 quidem
1327 307 1485 368 habentem
1494 306 1611 370 vultum
1619 309 1761 384 mpetum
1768 313 1897 382 adoreon.

307 407 424 469 Domini
439 407 533 470 nostri
544 407 615 466 Jaau
630 405 755 478 Christi;
766 412 796 464 et
810 423 845 466 ex
859 407 1015 480 utriusque
1029 406 1170 465 lateribus
1185 407 1330 482 imagines
1338 406 1470 480 depietae
1479 403 1621 466 hebenus
1629 408 1736 482 effigies
1746 414 1897 490 argelem,

251 511 288 568 20
306 507 357 582 qui
372 503 630 590 pana.libr.viginti
645 505 865 580 quatuordena
879 509 909 562 et
922 506 953 563 in
968 505 1092 564 basilios
1106 504 1351 579 apostolorum,in
1364 504 1409 563 vin
1424 505 1506 574 Lata,
1515 505 1581 564 vela
1594 506 1630 564 de
1640 506 1733 580 pelliia
1754 511 1845 584 syrim
1855 533 1899 574 nu.

306 623 387 666 mero
399 604 546 681 rigimini
559 603 637 662 linea
650 602 800 678 vigintiln
815 603 939 662 eoolasia
952 619 1018 662 vero
1033 603 1110 662 beati
1124 601 1275 661 Laurentii
1290 603 1428 678 martyria
1441 607 1531 678 alque
1544 602 1718 665 invitatoria
1730 610 1899 686 mnrmbujur

306 703 432 764 diritatis
449 704 584 762 llomanm
597 702 666 761 lenit
676 702 740 761 vela
753 719 788 760 ex
802 701 901 776 palliis
916 700 1019 776 syriais
1035 702 1156 760 nomm
1169 706 1199 760 et
1212 700 1291 760 linea
1303 701 1426 760 somam
1440 704 1471 760 at
1483 700 1514 760 lu
1529 701 1652 766 emleaia
1665 699 1752 764 beate
1773 705 1820 768 liei
1830 709 1899 768 dmi.

305 803 388 862 trinis
402 802 439 861 ad
453 800 595 876 Martyres
609 799 699 858 simili
714 799 801 858 modo
815 798 879 867 vela
892 800 929 858 da
945 797 1044 874 palliis
1060 797 1163 875 syriais
1179 813 1301 857 numero
1315 797 1460 874 vigintl,et
1469 799 1547 860 linea
1559 799 1744 875 vigintiltam
1756 802 1839 864 isdem
1848 824 1902 865 m.

304 901 455 961 otisaimns
469 897 599 974 pontifex
613 898 681 973 lenit
695 914 748 973 per
760 897 891 956 diversos
904 896 1005 956 titulos
1019 896 1083 956 vela
1095 897 1131 955 ds
1146 897 1293 956 staumoin
1309 913 1362 956 seu
1374 897 1449 972 tyria
1469 914 1523 972 per
1543 913 1778 974 unumquemque
1797 902 1898 963 litatum

251 1003 288 1060 25
306 1014 428 1059 numero
443 993 675 1070 viginti,etlinea
687 993 803 1068 viginti,
819 1010 883 1067 qum
898 994 973 1050 liunt
986 993 1076 1051 simul
1090 993 1153 1052 aela
1167 992 1262 1068 syrion
1271 1009 1399 1056 ,numero
1414 998 1542 1068 quatuor
1554 998 1672 1055 eentum
1687 997 1900 1074 etqaadraginta.

237 1139 241 1144 ·
323 1096 418 1174 ,m
433 1095 498 1170 lpse
511 1109 579 1151 uero
595 1091 759 1166 praelpuua
772 1091 902 1167 pontilex
913 1090 981 1148 lenit
994 1089 1140 1165 imagines
1151 1108 1189 1148 ex
1201 1090 1321 1152 laminis
1335 1092 1483 1166 argenteis
1497 1093 1646 1152 deauratis
1656 1092 1901 1172 damnandarum

305 1194 463 1254 Saloutaria
478 1189 592 1250 bomini
607 1190 700 1249 nostri
714 1189 784 1248 lesu
800 1188 918 1257 Christi,
934 1205 999 1263 qun
1013 1189 1111 1263 posita
1122 1193 1168 1248 eat
1181 1205 1270 1263 super
1282 1187 1407 1250 introita
1421 1189 1550 1248 basilion
1561 1190 1640 1248 beati
1654 1191 1729 1250 Petri
1742 1191 1902 1266 aposloli,ubi

304 1297 395 1370 porte
409 1295 551 1365 argeum
566 1289 706 1356 existunt,
720 1303 785 1362 qua
809 1285 987 1361 penalibraa
1009 1285 1234 1360 quinquaginta.
1249 1287 1323 1344 Nem
1338 1292 1367 1345 et
1380 1304 1433 1360 per
1448 1287 1579 1348 dinamus
1597 1287 1746 1348 diaeouiaa
1759 1288 1821 1353 lenit
1831 1291 1902 1350 dull

304 1391 391 1452 modo
405 1388 468 1448 vela
482 1384 628 1448 stauratio
642 1399 694 1444 aaa
707 1383 784 1460 tyria
798 1401 850 1458 pro
862 1399 1038 1458 unaqnmue
1051 1383 1185 1442 diaoouia
1205 1401 1327 1444 numero
1350 1401 1412 1454 aaa,
1428 1402 1492 1459 qun
1515 1385 1592 1446 linat
1612 1385 1702 1447 simul
1723 1385 1783 1444 vela
1803 1403 1902 1448 numero

267 1494 286 1550 5
304 1487 464 1563 nonaginta
478 1485 613 1546 senilem
628 1483 721 1542 isdem
734 1482 940 1542 aanotiaaimus
954 1497 1061 1556 praem
1076 1483 1201 1540 lormum
1214 1498 1279 1556 quaa
1288 1481 1422 1554 lobiam)
1432 1487 1631 1558 voratumque
1641 1500 1693 1558 por
1702 1483 1812 1548 mlum
1820 1487 1902 1562 viginis

303 1593 449 1639 annorum
463 1575 558 1650 spatia
573 1571 660 1630 nimis
676 1571 825 1631 oonlrnota
834 1570 1184 1645 labebataiundamantia
1198 1574 1363 1638 restaurare
1372 1571 1550 1631 ieeit.Simili
1561 1573 1649 1633 modo
1659 1573 1903 1636 leuitatinbmilie.

303 1675 379 1736 beati
394 1673 538 1732 Panorntii
561 1670 710 1746 martyria,
724 1685 788 1743 qum
812 1673 859 1726 ast
879 1669 951 1726 loris
975 1685 1076 1726 muros
1100 1666 1191 1740 hujna
1215 1667 1343 1728 eivitatia
1357 1668 1505 1740 Romane,
1521 1668 1585 1728 vela
1598 1671 1638 1728 de
1650 1671 1774 1730 emortui
1787 1689 1835 1740 asu
1846 1674 1903 1747 tyris

303 1790 426 1835 numero
438 1771 560 1846 triginta
574 1773 649 1839 neto,
665 1772 695 1826 et
708 1766 786 1825 linea
799 1767 922 1842 triginta
934 1769 1016 1837 ooto;
1032 1770 1062 1824 et
1082 1766 1112 1822 in
1137 1765 1259 1824 basilion
1281 1766 1359 1824 beati
1383 1766 1524 1841 Stephani
1548 1769 1770 1843 protomartyris
1788 1769 1817 1836 ln
1836 1771 1903 1830 colio

302 1877 402 1932 monte
415 1869 483 1927 lenit
496 1868 560 1926 vala
574 1867 610 1926 da
624 1865 784 1934 stauratio,
800 1882 853 1924 seu
875 1864 951 1936 tyria
974 1881 1097 1924 numero
1117 1863 1235 1940 viginti,
1250 1867 1280 1922 et
1293 1863 1372 1924 linea
1394 1863 1508 1940 viginti.
1523 1865 1580 1924 Sed
1602 1870 1634 1925 et
1656 1866 1686 1925 in
1710 1865 1825 1937 basiliae
1843 1869 1903 1926 beati

250 1975 284 2030 10
301 1967 479 2046 Apollinaris
495 1964 585 2024 simili
600 1964 687 2022 modo
700 1963 765 2022 vela
779 1965 815 2021 de
828 1961 941 2036 oetnplo
957 1979 1079 2020 numero
1094 1962 1238 2031 danem,et
1252 1962 1330 2020 linea
1343 1963 1455 2034 denam.
1467 1964 1540 2022 Item
1555 1964 1586 2024 ia
1600 1963 1723 2022 basiliae
1735 1965 1808 2026 beati
1820 1965 1904 2026 Valen-

301 2069 355 2128 tini
372 2063 520 2140 martyria,
536 2081 601 2138 qum
614 2063 673 2120 sita
687 2065 732 2120 est
746 2061 816 2120 loris
831 2079 932 2120 muros
946 2060 1037 2134 hujus
1051 2059 1177 2118 divitatis
1192 2061 1480 2132 Romnumaimiliter
1494 2062 1563 2122 lenit
1575 2062 1641 2121 vala
1655 2063 1903 2138 deuteromium

300 2165 407 2239 oatapli
423 2179 545 2220 numero
557 2160 659 2234 viginti
672 2161 742 2230 duo,
758 2163 787 2216 et
796 2159 874 2218 linea
886 2159 990 2233 viginti
1005 2160 1073 2218 duo.

335 2263 414 2324 m
428 2263 504 2318 Dum
518 2275 585 2316 varo
601 2258 694 2314 torma
706 2274 770 2330 qua
781 2257 901 2314 Claudia
914 2261 1034 2316 vocatur
1048 2273 1099 2331 per
1112 2273 1257 2316 annorum
1270 2257 1367 2332 spatia
1380 2257 1521 2316 demolita
1539 2275 1606 2320 esea
1631 2259 1792 2330 videbator,
1806 2261 1872 2322 unde
1883 2266 1905 2318 el

299 2363 330 2422 in
346 2358 457 2423 balneis
473 2354 717 2416 Lateranensibus
731 2355 768 2411 de
782 2354 847 2427 ipsa
861 2370 939 2427 aqua
951 2354 1042 2412 lavari
1057 2355 1212 2424 solebat,ot
1230 2355 1260 2412 in
1284 2354 1456 2430 baptisterio
1480 2355 1609 2416 adolasia
1634 2357 1789 2416 Saloutaria
1811 2357 1905 2416 Domini

299 2459 394 2520 nostri
408 2457 478 2516 Jean
493 2452 601 2518 Christi
615 2457 645 2512 et
659 2453 689 2510 in
704 2451 804 2526 plures
815 2451 953 2510 ecelesias
964 2451 993 2509 in
1005 2453 1052 2510 die
1062 2452 1287 2511 aanoloPasohe
1297 2453 1451 2512 decurrere
1461 2453 1574 2514 solebat
1585 2472 1593 2514 :
1606 2459 1637 2514 et
1646 2455 1719 2512 dum
1731 2455 1905 2528 modiaaaqar

299 2561 336 2618 da
351 2554 562 2632 pronominato
575 2552 669 2611 lorma
682 2549 764 2608 intua
785 2549 931 2608 divitatem
954 2551 1139 2618 deourrebat,
1153 2550 1336 2625 pmapioisns
1365 2551 1531 2626 proripuere
1552 2557 1584 2610 et
1603 2552 1789 2628 euangelicos
1809 2535 1904 2628 pr'esul,

261 2652 281 2708 5
298 2659 462 2724 aggregans
475 2639 695 2699 multitudinem
710 2639 810 2714 populi
822 2656 857 2697 ex
868 2639 1001 2713 partibus
1011 2639 1243 2714 Campanimpar
1251 2639 1444 2715 semetipsum
1455 2641 1491 2700 ad
1503 2641 1712 2720 fabricandum
1722 2647 1905 2717 alquerastau·

299 2744 428 2804 randum
440 2737 574 2800 eamdam
589 2736 715 2796 iormam
728 2736 798 2796 totis
811 2735 923 2794 viribus
935 2736 1112 2811 properavit,
1130 2741 1161 2794 ut
1174 2740 1287 2794 tautam
1306 2753 1408 2796 auram
1432 2754 1468 2796 ao
1490 2738 1719 2798 sonioituninem
1741 2740 1772 2798 in
1795 2739 1905 2814 ejusden

297 2844 398 2902 iorma
413 2837 524 2898 iubriea
548 2833 689 2906 exhibuit,
704 2834 754 2909 qui
778 2833 867 2892 etiam
890 2833 1003 2892 noviter
1020 2851 1085 2892 eam
1101 2834 1249 2892 renovarit
1263 2837 1351 2909 alque
1365 2836 1550 2908 restauravit,
1564 2842 1596 2895 et
1609 2838 1765 2898 eoniostim
1778 2855 1811 2899 ex
1822 2836 1905 2910 eaden

298 2941 394 3000 lorma
407 2953 490 3012 aqua
505 2933 536 2994 ln
550 2933 672 3009 prelata
686 2930 791 2990 balnea
804 2932 892 2990 etiam
906 2936 936 2990 at
950 2931 1030 2990 intus
1045 2931 1282 3000 civitatensium
1295 2932 1472 3006 antiquitus,
1480 2935 1668 2995 abundanter
1682 2937 1829 3008 daonnera
1842 2932 1905 2992 imit.

298 3038 393 3111 liujus
406 3033 590 3109 temporibus
603 3031 759 3088 deiunotna
774 3029 933 3088 Leonimus
948 3029 1050 3090 consul
1064 3034 1094 3088 et
1107 3031 1177 3100 dux,
1194 3031 1905 3106 postmodumvaromopaobusobveniamanorum

245 3140 279 3200 10
298 3135 481 3202 deliotorum,
497 3135 557 3188 trae
581 3127 683 3186 annius
707 3143 811 3186 masse
834 3127 978 3186 dratinus
993 3127 1042 3200 (b),
1058 3144 1117 3201 qua
1130 3145 1166 3186 ex
1179 3127 1348 3188 haereditate
1370 3135 1527 3203 parentum
1545 3147 1671 3190 suorum
1683 3131 1837 3198 trusbuur,
1848 3129 1905 3187 ailae

297 3235 334 3294 ab
349 3234 405 3290 baa
420 3231 552 3288 fflmana
567 3227 639 3285 urbe
653 3223 790 3284 milliario
805 3223 1024 3294 sextodecimo,
1038 3223 1264 3296 vinArdeatina,
1281 3226 1311 3283 in
1335 3242 1395 3300 quo
1415 3231 1444 3285 et
1466 3226 1619 3288 molosiam
1644 3229 1725 3288 beati
1748 3227 1835 3288 unua
1854 3241 1906 3284 esse

295 3328 488 3408 dignoscitur,
503 3342 594 3400 quam
609 3326 673 3399 ipse
685 3322 875 3382 beatissimus
888 3339 965 3398 papa
979 3338 1092 3398 magne
1110 3322 1336 3384 nonstraotionia
1360 3324 1480 3384 iubriois
1502 3326 1658 3398 deauravit,
1676 3325 1870 3402 ampliavitque
1881 3323 1904 3380 ir

295 3429 483 3490 aasdemtrae
498 3424 601 3482 uenias
614 3421 819 3496 suprasoripto
834 3437 939 3480 massa
952 3420 1096 3480 Aratiann
1111 3418 1184 3480 alias
1200 3437 1252 3480 sex
1266 3422 1368 3480 unoiaa
1384 3422 1499 3480 aPetro
1514 3423 1631 3494 uomitu,
1645 3428 1737 3500 atqua
1749 3426 1852 3498 lgneo
1871 3437 1904 3478 re·

294 3529 364 3586 liota
376 3523 538 3599 agathonis
551 3517 714 3586 seriniarii,
728 3518 884 3577 Theodotus
898 3519 1004 3576 ralinta
1019 3521 1169 3592 quondum
1185 3519 1329 3578 Dominioi
1344 3519 1513 3580 Portenturii
1527 3521 1574 3598 (o).
1591 3520 1680 3580 Fines
1692 3521 1783 3582 etiam
1794 3538 1827 3580 ex
1839 3516 1904 3578 omui

242 3629 278 3687 15
295 3627 377 3700 parte
388 3617 649 3692 oouquisivitllata
663 3615 742 3673 enim
757 3615 847 3689 digna
862 3617 1098 3689 compensatione
1110 3617 1224 3674 numini
1236 3617 1296 3674 vim
1311 3617 1450 3688 inferens,
1467 3619 1519 3678 aed
1528 3618 1684 3695 mopinot
1693 3613 1904 3692 oondaoetpatd.

294 3723 400 3781 cunata
414 3731 499 3774 sanus
513 3714 649 3771 eumdem
665 3712 763 3770 losum
778 3711 874 3770 amine
886 3713 1020 3787 pactione
1034 3713 1106 3771 emit
1119 3714 1238 3788 pradia.
1255 3716 1291 3774 llt
1305 3717 1428 3775 domum
1443 3717 1553 3776 auitam
1574 3718 1660 3776 beato
1684 3720 1767 3778 Petro
1790 3714 1904 3776 eumdem

293 3815 391 3874 lorum
402 3815 470 3888 jura
485 3815 624 3888 perpetuo
639 3810 741 3868 statuit
755 3811 999 3885 permanendum.
1016 3815 1108 3880 Quem
1123 3816 1153 3870 et
1166 3813 1287 3870 domum
1311 3813 1420 3874 cultam
1440 3815 1534 3874 sanati
1548 3815 1653 3874 Edistii
1667 3820 1775 3878 vooaat
1787 3829 1870 3888 nsque
1881 3811 1904 3868 in

293 3913 448 3972 bodiarum
464 3911 554 3969 diem
1272 3895 1275 3902 ’

327 4011 407 4070 m
421 4009 532 4068 Pariter
545 4007 679 4092 etiamst
693 4025 792 4066 masaa
816 4024 881 4081 que
904 4012 1025 4068 voratur
1045 4009 1195 4080 Aoaliana,
1211 4025 1276 4082 qna
1294 4011 1381 4084 juxta
1406 4011 1540 4070 eamdem
1569 4013 1693 4070 domum
1722 4011 1827 4072 nultum
1851 4022 1903 4066 asae

290 4108 415 4168 videtur.
430 4108 469 4166 ab
483 4107 585 4166 eodem
601 4105 728 4165 insomne
743 4107 827 4164 beato
851 4107 934 4166 Petm
958 4122 1099 4166 manasen
1122 4111 1176 4166 ast.
1192 4108 1266 4166 ltam
1291 4107 1355 4182 ipae
1372 4111 1418 4166 ter
1430 4109 1620 4168 beatissimus
1634 4109 1743 4184 praesul
1758 4110 1788 4168 in
1802 4106 1904 4166 basiliae

292 4207 407 4283 melori,
422 4223 487 4281 qum
502 4204 667 4281 appellator
680 4208 787 4264 sanate
802 4202 852 4262 Dei
867 4203 1033 4274 Genitrieis,
1048 4205 1099 4278 qul
1115 4206 1217 4265 aderat
1226 4206 1313 4280 juxta
1332 4205 1486 4264 basilicam
1510 4206 1588 4266 beati
1613 4207 1763 4269 Laurentii
1786 4201 1903 4276 martyria

291 4311 379 4382 atque
394 4306 497 4376 levite,
514 4303 565 4362 ubi
590 4304 655 4376 ejus
679 4306 813 4363 meatum
828 4319 935 4376 eorpus
949 4301 1106 4376 requiescit
1120 4302 1191 4362 loris
1204 4319 1307 4360 muros
1321 4302 1413 4378 hujus
1427 4303 1553 4364 uiritatia
1569 4303 1677 4376 aona,
1694 4295 1801 4366 obtulit
1809 4301 1866 4362 vala
1875 4299 1904 4358 da

253 4407 273 4464 5
290 4403 440 4464 steuraolu
454 4418 506 4462 seu
520 4399 710 4476 quadrapolis
723 4416 847 4458 numero
860 4399 1040 4473 quindeolm,
1055 4404 1085 4458 et
1099 4399 1177 4458 linea
1188 4399 1367 4474 quindecim.

324 4501 402 4562 m
417 4503 540 4560 'laetum
554 4515 621 4558 vero
636 4496 713 4556 tituli
728 4496 806 4556 beuti
820 4496 987 4566 Clementis,
1003 4497 1185 4571 quodetiam
1201 4514 1341 4556 ausurum
1355 4502 1418 4558 orat
1430 4502 1460 4557 et
1474 4498 1508 4558 in
1525 4499 1619 4560 ruinis
1642 4499 1773 4576 positum
1790 4492 1903 4572 reginis

289 4599 391 4668 tertie,
407 4598 520 4658 nodtar
533 4597 717 4665 restauravit,
731 4611 845 4656 aennon
860 4599 890 4654 et
903 4595 1056 4654 basilicam
1072 4595 1149 4654 beati
1165 4595 1295 4656 Silvestn'
1307 4597 1483 4657 eonisasoria
1498 4601 1587 4672 atone
1611 4591 1902 4674 poenitendorum

289 4695 414 4768 Orphea,
431 4712 495 4770 que
505 4696 571 4769 lam
584 4694 616 4753 in
629 4694 723 4754 ruinis
738 4692 834 4769 posita
847 4697 920 4763 arat,
935 4696 964 4752 at
977 4697 1091 4752 tentum
1104 4693 1170 4767 eiua
1183 4694 1315 4753 dirutum
1330 4693 1483 4768 adstabat,
1500 4696 1577 4755 teoto
1591 4697 1694 4756 mdem
1708 4700 1795 4766 teoto,
1809 4691 1903 4752 nodia

289 4791 385 4864 ipsam
400 4791 554 4850 eoolasiam
566 4789 821 4852 renovavitsimili
836 4792 924 4850 modo
937 4795 968 4850 et
979 4791 1009 4848 in
1027 4791 1226 4850 famosissima
1239 4796 1359 4868 totoque
1374 4793 1444 4851 orbe
1453 4798 1599 4854 terrarum
1608 4787 1903 4868 preolaravenaraodt

253 4885 409 4950 bbaailioe
423 4888 501 4948 beati
517 4889 592 4948 Petri
608 4888 807 4964 apostolorum
822 4888 975 4964 prinoipia,
993 4890 1064 4948 dnm
1078 4906 1131 4964 par
1144 4889 1256 4950 olitana
1270 4895 1404 4966 tempora
1415 4892 1619 4952 astutissimas
1628 4873 1728 4964 trabas
1737 4909 1800 4968 que
1809 4887 1901 4948 ibidem

289 4983 595 5055 existebant,oerneret
608 4987 702 5047 isdem
717 4986 882 5063 praoipuus
897 4987 1036 5062 pontifex,
1051 4988 1172 5048 mittens
1185 4989 1360 5048 ianuarium
1373 4988 1542 5056 vestiarium
1556 4997 1900 5068 auummogneaeanattffl

288 5084 422 5142 idoneam
437 5097 674 5157 personam,oum
688 5085 878 5145 multitudine
892 5085 993 5161 populi
1009 5087 1133 5146 mutavit
1147 5087 1257 5148 ibidem
1272 5087 1373 5146 trabes
1388 5103 1510 5150 numam
1524 5089 1761 5162 quatuordeeim,
1773 5091 1855 5160 alque
1866 5087 1901 5138 tt·

289 5185 353 5240 tum
366 5180 500 5253 ejusdem
515 5179 644 5239 basiliae
658 5187 767 5240 leolum
780 5187 809 5242 at
822 5184 952 5258 porticus
967 5185 1080 5244 noviter
1093 5185 1277 5247 restauravit.

324 5279 402 5340 m
417 5276 469 5336 llio
481 5275 559 5333 idem
574 5275 719 5338 almifluus
733 5280 851 5355 presul,
868 5281 967 5342 dis-lna
979 5282 1172 5358 inspiratione
1181 5285 1310 5360 repletus
1319 5288 1409 5360 alane
1419 5284 1620 5348 miseridordia
1631 5286 1900 5354 moluntornaua·
1988 5261 1989 5276 ἵ

289 5377 418 5456 virginis
432 5373 680 5452 appellandum
695 5394 747 5452 per
758 5395 904 5438 annorum
919 5380 1014 5456 spatia
1029 5380 1395 5456 demolita,atquaaruinia
1406 5381 1702 5460 praeseminantur
1713 5379 1827 5444 meum
1835 5389 1900 5450 till·

847 5561 970 5611 ROTUOE
990 5564 1182 5614 uetustas
1201 5564 1360 5614 sanaem.

252 5706 290 5792 (a)
304 5706 397 5771 levia.
435 5706 486 5790 (tl'
499 5706 633 5772 Aricina.
670 5705 707 5792 (a)
719 5709 754 5784 B,
770 5703 942 5788 presentari.
