4036 6164
88 213 138 274 tati
460 215 648 278 HISTORIA
670 217 721 278 bh
744 215 845 280 virts
870 213 964 280 ROM.
990 219 1152 282 PONT.-
1168 223 1199 284 S.
1225 224 1426 290 catastas.
1729 235 1789 298 430

89 361 140 472 ppo
152 361 229 428 anno
245 347 309 401 520.
327 344 498 430 Hormisdas
514 349 670 430 respondet
686 349 848 433 Ptossessori
864 349 911 434 die
924 351 951 419 Α
966 351 1112 439 liturgic,
1123 370 1148 409 c,
1167 354 1357 438 10,'roucedit
1381 360 1500 430 quidem
1521 362 1619 434 plures
1644 381 1661 418 a
1676 366 1790 426 Gelasio

134 432 242 473 mensis
258 418 383 499 Augusti
400 417 524 491 epistola
532 423 568 474 70
578 437 606 474 in
627 437 685 493 qua
700 427 776 477 inter
789 421 846 477 alia
858 427 909 477 ait.
966 425 1058 480 editas
1074 427 1174 488 tuisse,
1192 425 1382 483 nihilominus
1400 435 1499 488 tamen
1514 435 1663 491 contendit
1676 444 1790 495 certum

91 510 104 538 a
119 488 175 544 Non
191 487 354 570 improvide
368 492 533 546 veneranda
549 491 665 546 Petrum
677 493 821 548 sententia
833 490 910 548 lideli
965 495 1288 566 essciiiipsisllcclesiic
1300 499 1469 570 primordiis
1476 503 1539 572 jam
1551 523 1637 561 usum
1651 511 1791 632 prelatio-

91 557 256 640 posteritati,
270 575 335 631 quae
350 567 450 642 essent
464 561 607 643 catholico
622 565 770 646 dogmata,
783 564 909 646 detiniit3
965 584 1037 622 nuiii
1053 567 1378 650 exstitisse,earumque
1392 569 1605 632 institutionem
1616 594 1650 632 vc
1676 596 1692 634 a
1715 586 1791 636 osto·

90 635 161 713 certa
174 630 319 686 libroruin
334 635 423 714 ctiam
436 637 566 714 veterum
584 651 613 688 iu
629 639 831 691 auctoritatem
842 651 911 690 reci·
964 635 1012 704 lis,
1028 637 1072 692 vel
1095 639 1262 710 apostolicis
1285 641 1355 696 viris
1378 641 1573 713 tribuendam,
1591 649 1668 718 quod
1704 651 1790 708 ainde

92 701 313 785 praedamnato
329 702 440 784 Spiritu
457 707 620 760 instruente
629 707 792 788 prefigens,
806 721 842 761 ne
851 705 911 788 opi·
964 707 1098 834 pluribus
1107 710 1221 781 probat.
1234 710 1335 766 Exstat
1350 710 1423 767 alter
1437 714 1527 769 codex
1538 717 1788 778 sacramentarius

95 789 164 829 mom
177 789 240 856 suaa
253 773 346 832 lector
359 773 527 856 indulgens,
544 792 602 830 nou
626 778 703 848 quod
725 776 910 834 edificationi
989 778 1071 835 alasii
1087 785 1167 852 papie
1184 781 1279 837 tribus
1294 791 1433 838 constans
1447 783 1544 852 libris;
1555 804 1621 842 nem
1645 791 1709 844 ede
1720 792 1789 846 anni

94 844 284 926 ecclesiastica
294 851 471 912 conveniret,
484 845 535 902 sed
545 847 621 918 quod
631 846 766 920 voluptas
776 865 830 904 sua
839 865 910 904 con·
964 850 1082 919 circulo,
1099 852 1135 906 de
1159 855 1327 909 sanctorum
1353 853 1509 922 Natalitiis,
1526 861 1555 911 et
1578 858 1613 913 de
1654 860 1788 917 ominicis

96 919 214 988 cepisset,
236 920 389 972 assereret.
408 919 515 998 ''9¹3ae
542 919 631 999 verba
660 918 813 974 manil'este
841 919 909 976 insi·
963 921 1620 995 diebus‚variisqueoausis‚cujusvetustatem
1632 929 1788 988 maoit'esto

98 992 183 1069 nouat,
198 987 350 1043 decretum
366 988 401 1043 de
423 986 507 1070 libris
530 989 704 1062 recipiendis
719 995 748 1046 et
762 1007 820 1046 non
837 991 908 1046 reci·
963 992 1070 1064 arguit,
1104 993 1159 1048 uod
1171 993 1201 1048 iii
1213 993 1350 1066 Symbola
1362 1012 1420 1051 non
1430 995 1573 1053 habeatur
1583 1016 1646 1066 vox,
1656 1000 1787 1073 Filioque.

98 1058 204 1132 piandis,
218 1058 515 1141 pouabHormisda,
539 1060 591 1115 sed
621 1059 657 1114 ab
680 1061 827 1144 aliqucex
844 1063 908 1132 ejus
963 1009 1788 1139 Quodpiuresdesintmissraseptimcetoctarosaeculo

97 1130 284 1210 decessoribus
295 1146 327 1184 in
342 1128 441 1202 aliqua
455 1131 565 1212 syuodo
591 1131 722 1188 Romana
743 1149 906 1201 emissum
962 1151 1036 1190 usur
1058 1133 1100 1189 ari
1116 1134 1217 1190 solitae.
1234 1136 1374 1209 Denique,
1391 1139 1469 1209 quod
1494 1141 1632 1211 pauciora
1651 1158 1741 1213 quam
1757 1143 1788 1200 iu

98 1219 144 1284 non
158 1201 274 1282 quidem
291 1200 328 1256 ab
342 1201 494 1257 Anastasis
509 1205 538 1283 et
553 1202 738 1274 Symmacho,
758 1203 808 1276 qui
825 1202 908 1260 Gela·
962 1151 1170 1277 aliisiiturgiis
1186 1211 1353 1264 sanctorum
1369 1209 1502 1265 natalitia
1523 1210 1715 1268 celebrentur.
1732 1213 1789 1269 Co·-

97 1288 159 1330 siuiu
174 1277 266 1327 secuti
281 1277 362 1353 sunt,
377 1277 406 1328 et
422 1273 607 1352 hormisdam
632 1280 823 1340 antecessore,
839 1291 907 1330 cum
962 1276 1017 1331 dex
1027 1274 1075 1330 ille
1085 1293 1117 1331 ex
1130 1276 1304 1332 bibliotheca
1315 1278 1488 1335 l'loriarensi
1500 1298 1576 1337 anno
1592 1285 1661 1338 1562
1675 1283 1789 1357 direpta

97 1343 180 1400 nullus
194 1360 328 1424 unquam
341 1343 370 1397 id
390 1348 558 1411 asseruerit,
575 1343 732 1416 nullusque
747 1345 837 1401 codex
852 1346 906 1402 Ma.
962 1353 990 1402 et
1000 1347 1150 1414 distracta,
1164 1347 1192 1402 in
1205 1365 1310 1404 marius
1321 1350 1423 1405 incidit
1434 1352 1514 1406 Pauli
1526 1354 1631 1409 Patavii
1644 1347 1788 1412 senatoris

96 1415 248 1495 alterutrius
268 1431 376 1470 nomeu
421 1415 544 1480 reserat,
560 1416 612 1471 sed
627 1431 644 1470 a
659 1415 785 1482 Gelasio,
800 1415 847 1472 cui
863 1417 907 1472 in·
964 1419 1145 1487 Parisiensis,
1162 1435 1194 1473 ac
1211 1421 1328 1475 tandem
1353 1421 1383 1475 iu
1407 1421 1614 1480 bibliothecam
1634 1425 1787 1482 Christinae

96 1503 193 1567 numeri
208 1485 325 1542 codices
338 1432 418 1541 illudJ
427 1486 602 1568 attribuunt.
616 1485 671 1568 Qui
694 1488 779 1560 plura
803 1487 857 1544 hac
872 1489 908 1544 de
962 1490 1128 1570 Succorum·
1139 1489 1243 1562 regina
1259 1490 1385 1560 transiit,
1397 1509 1414 1547 a
1425 1509 1483 1564 qua
1498 1492 1582 1550 illum
1597 1496 1706 1568 recepit
1717 1502 1746 1552 et
1756 1497 1786 1553 iu

96 1561 211 1630 recapit,
223 1556 303 1630 legat
312 1555 462 1613 laudatam
474 1557 590 1615 Baronii
600 1560 736 1614 Criticam
748 1560 783 1614 ad
796 1575 907 1615 annum
961 1557 1056 1616 lucem
1072 1560 1171 1616 emisit
1197 1561 1374 1618 'thomasius
1390 1562 1486 1620 Rome
1503 1582 1578 1620 anno
1595 1567 1672 1620 1680.
1689 1567 1740 1622 llic
1755 1568 1785 1622 in

95 1630 148 1710 tet„
494 1701 499 1711 .
532 1701 537 1711 Ι
982 1629 1234 1694 relatioueuotat‚
1250 1632 1353 1705 exiguo
1378 1637 1508 1705 tempore
1532 1639 1599 1718 post
1614 1637 1786 1709 Gregorium

121 1701 204 1755 Inuca
219 1700 307 1782 ιι-
321 1699 354 1754 Et
368 1699 510 1782 damnavit
525 1716 555 1754 m
571 1707 731 1781 perpetuom
744 1703 873 1756 Acacium
882 1709 908 1758 et
921 1717 946 1783 Β
992 1719 1101 1774 sgnum
1116 1701 1207 1758 luisse
1221 1707 1382 1758 exaratum.
1398 1704 1472 1760 Huic
1491 1707 1624 1777 adjunxit
1639 1709 1695 1762 triu
1710 1708 1786 1764 anti-

93 1773 311 1852 barensem
333 1778 502 1842 materani.
531 1773 635 1826 Acacio
664 1771 906 1844 Constantinopo·
961 1773 1105 1846 quissima
1120 1771 1787 1843 Missaliu,scilicetGothicum,Francorumet

91 1842 385 1914 litancepiscopo,de
414 1858 470 1923 quo
499 1847 675 1914 supra,tam
701 1841 730 1898 in
756 1842 907 1914 Simplicio
962 1843 1144 1900 Gallicanum
1159 1848 1329 1915 vatumque
1344 1845 1400 1901 tria
1435 1850 1788 1906 ostcacumobservatio-

91 1930 169 1986 quam
183 1913 213 1968 iii
229 1912 324 1994 Felice
345 1912 434 1968 locuti
458 1929 573 1980 sumus,
591 1929 667 1994 anno
683 1912 907 1995 quadringente-
962 1917 1050 1971 nibus
1063 1916 1099 1971 de
1115 1915 1235 1987 liturgia
1250 1914 1399 1972 Gallicana
1413 1863 1541 1974 ioannes
1552 1919 1788 1977 Mabilloniusre·

89 1987 514 2065 siuiooctogesimononoextra
524 1983 659 2040 Ecclesiae
669 1999 906 2042 communionem
962 1986 1029 2042 cudi
1044 1985 1156 2041 curavit
1170 2002 1247 2042 auno
1264 1987 1333 2042 1685
1349 1987 1477 2043 Parisiis.

90 2060 204 2119 mortuo,
221 2070 248 2110 ei
262 2054 440 2137 substitutus
455 2058 500 2110 est
515 2052 635 2111 Marito,
654 2055 709 2110 Sed
724 2056 778 2111 hoo
790 2072 907 2128 quoque
996 2057 1123 2112 Cencuis
1139 2057 1236 2112 misse
1251 2055 1420 2128 incipientis
1435 2059 1471 2114 ab
1487 2058 1627 2127 oratione,
1642 2061 1674 2117 le
1688 2062 1787 2130 icitur,

121 2132 146 2182 st
160 2132 218 2182 tros
235 2142 352 2182 meuses
367 2130 425 2181 vita
440 2127 550 2194 l'unoto,
567 2142 719 2182 successor
729 2126 754 2182 ei
766 2126 852 2182 datus
863 2130 908 2182 cst
960 2129 1365 2200 chmmtiasi'mcl’ctcr,usque
1375 2130 1411 2184 ad
1424 2129 1584 2186 orationem
1593 2131 1787 2199 Dominicam,

99 2197 270 2270 'uphemius,
284 2197 346 2268 qui,
362 2203 395 2252 ut
412 2196 500 2253 habet
514 2196 654 2278 Euagrius
665 2197 716 2252 lib.
729 2215 769 2262 ιιι,
781 2214 844 2269 cap.
859 2199 906 2264 23,
962 2216 1025 2292 quaa
1040 2198 1175 2254 absoluto
1190 2215 1301 2255 canone
1325 2196 1384 2254 alta
1409 2216 1477 2257 voce
1501 2201 1649 2267 recitatur,
1666 2203 1788 2274 quidam

87 2268 346 2326 Chalcedonenscm
355 2269 498 2340 synodum
510 2284 594 2324 susce
618 2272 905 2338 itetveneratusest,
962 2269 1110 2325 Gelasium
1135 2285 1240 2340 papam
1265 2276 1415 2326 auctorem
1444 2272 1564 2338 iaciunt,
1581 2272 1630 2327 alii
1646 2273 1788 2329 Musaeum

85 2344 242 2398 acPetrum
255 2340 321 2394 Mon
345 2285 627 2422 umeidemsyuodo
642 2339 798 2421 anathema
813 2340 908 2396 dicen·
962 2342 1164 2413 presbvterum
1188 2340 1412 2410 Massiliensem,
1428 2341 1477 2397 alii
1492 2342 1652 2399 Voconium
1675 2345 1789 2418 episco-

87 2417 138 2468 tcm
148 2427 271 2467 exosum
287 2410 304 2464 h
348 2416 400 2466 uit.
414 2410 466 2466 Ubi
478 2410 659 2482 blaphemias
678 2416 789 2482 accepit
799 2410 907 2467 Gelasii
962 2428 1033 2484 puni
1048 2397 1294 2467 Gostellaucnsem
1309 2411 1339 2467 in
1356 2412 1541 2480 Mauritania,
1556 2414 1698 2486 qui,tcste
1713 2416 1788 2472 Gen-

85 2483 262 2548 elcctionem,
276 2498 356 2538 more
366 2481 511 2564 majorum
522 2481 558 2537 ad
570 2481 668 2553 ipsum
679 2481 830 2552 epistolam
839 2481 908 2538 scri·
962 2483 1059 2548 nodio,
1072 2482 1163 2538 libros
1174 2490 1422 2538 sacramentorum
1439 2491 1675 2557 composuerunt.
1687 2486 1789 2542 Ansal-
1881 2511 1884 2518 r

85 2555 148 2626 psit,
164 2557 268 2626 quaet
283 2552 424 2610 suesidei
439 2551 648 2624 professionem
667 2552 800 2618 inseruit,
819 2559 850 2608 ut
864 2553 907 2608 sic
963 2571 1030 2609 mus
1044 2553 1200 2624 episcopus
1214 2552 1265 2608 lib.
1281 2559 1317 2608 de
1341 2554 1490 2610 Laudibus
1518 2556 1706 2629 virginitatis,
1722 2574 1786 2628 cup.

83 2625 218 2696 consequi
233 2627 394 2679 mereretur
407 2623 556 2679 catholicae
568 2622 700 2678 Ecclesiae
708 2624 907 2680 communica·
961 2625 1007 2691 23,
1032 2641 1049 2678 a
1071 2623 1209 2696 Gregorio
1233 2625 1280 2678 Ma
1301 2641 1337 2678 no
1353 2625 1464 2680 editum
1480 2626 1636 2682 existimat.
1653 2628 1710 2683 Sed
1725 2629 1788 2699 ipse

84 2697 199 2777 tionem.
217 2695 292 2776 Cum
304 2712 371 2751 vero
386 2693 518 2776 ¹Gelasius
534 2694 693 2750 invenisset
708 2696 826 2766 quidem
842 2697 907 2776 ejus
963 2694 1119 2776 Gregorius
1130 2692 1253 2766 epistola
1262 2641 1306 2763 Οἱ,
1319 2694 1369 2759 lib,
1381 2712 1430 2761 vii,
1443 2695 1483 2750 ait
1493 2714 1510 2752 a
1521 2697 1699 2754 Scholastica
1708 2715 1787 2753 com·

83 2768 145 2825 litai
159 2767 371 2838 professionem
385 2782 415 2821 in
431 2765 568 2822 omnibus
583 2781 743 2821 consonam
759 2765 907 2822 catholicas
962 2771 1106 2838 positum;
1116 2765 1285 2836 quicunque
1295 2769 1394 2820 autern
1409 2767 1497 2834 t'uerit
1512 2767 1560 2823 ille
1576 2767 1788 2837 scholasticus,

83 2837 207 2904 veritati,
217 2835 326 2908 reperit
334 2841 432 2893 tamen
448 2836 526 2910 quod
537 2836 738 2910 inEupbernio
749 2835 907 2908 repreheu-
961 2842 1075 2892 certum
1085 2841 1130 2892 eet
1140 2835 1335 2908 antiquiorem
1346 2836 1437 2892 luisse
1445 2836 1559 2893 Gelasio
1574 2843 1602 2893 et
1617 2837 1684 2894 aliis
1699 2855 1790 2911 supra

84 2909 302 2981 Monadigcum
317 2911 404 2976 esset,
421 2907 562 2966 nimirum
587 2907 665 2978 quod
691 2923 908 2979 nequaquame
963 2907 1133 2963 nominatis.
1150 2906 1207 2962 Nec
1223 2905 1400 2963 credendum
1425 2907 1565 2980 Polydoro
1587 2907 1722 2982 Virgilio,
1737 2909 1789 2982 qui

84 2979 226 3052 diptychis
240 2996 347 3036 uomen
361 2978 457 3035 Aeacii
473 2976 694 3051 predecessoris
709 2977 905 3050 expunxisset,
962 2978 1013 3035 lib.
1031 2996 1048 3035 v
1063 2979 1098 3034 de
1113 2977 1223 3034 lavent.
1240 2993 1349 3045 reruni,
1366 2981 1481 3050 cep.10,
1499 2995 1516 3034 a
1530 2979 1633 3035 multis
1648 2979 1791 3053 pontifici·

82 3053 132 3114 ¹sed
149 3055 298 3132 pateretur
312 3050 343 3106 in
356 3050 449 3106 sacris
464 3049 578 3130 recitari
594 3065 661 3131 oum
678 3047 908 3130 aliisnepiscopis
926 3083 947 3150 G
964 3051 1020 3106 bus
1034 3053 1221 3121 compactum
1234 3064 1375 3104 canonem
1391 3055 1553 3106 asseverat:
1566 3049 1633 3106 licet
1647 3052 1725 3108 euim
1737 3050 1790 3107 ali·

85 3122 269 3188 orthodoxis;
283 3122 406 3192 ideoque
416 3120 723 3194 Euphemiam,virum
735 3118 911 3192 licetimpri-
966 3121 1017 3194 qui
1031 3119 1157 3194 paucula
1172 3135 1302 3201 quanam
1316 3120 1404 3176 rerba
1420 3120 1616 3202 adjunxerint,
1633 3121 1731 3194 ipsum
1745 3127 1790 3178 ta-

87 3193 139 3248 rnis
152 3192 398 3260 catholicum,ncc
407 3191 480 3248 alios
491 3190 618 3248 Orientis
626 3190 773 3247 antistites
783 3209 913 3248 commu·
967 3209 1044 3259 men,
1057 3197 1090 3247 ut
1102 3191 1142 3246 ait
1156 3189 1281 3262 Vigilius
1291 3191 1403 3264 papain
1413 3191 1536 3264 epistola
1550 3193 1586 3248 ad
1603 3193 1791 3260 bucherium,

88 3264 183 3320 aionis
192 3263 354 3320 honoribus
365 3263 474 3318 donare
491 3260 592 3332 voluit,
605 3260 662 3318 nisi
672 3260 769 3317 Acacii
782 3279 913 3319 nomene
965 3280 1027 3320 aco
1045 3263 1158 3319 caletica
1167 3262 1663 3334 traditionesuscepimcs.Concilium
1675 3280 1732 3336 quo
1754 3280 1791 3320 ue

89 3335 232 3462 {ippotae
256 3339 465 3460 expungerent.
477 3336 545 3402 Quae
555 3337 691 3390 constant
702 3349 736 3388 cx
749 3332 880 3406 epistolis
897 3335 910 3388 1
965 3333 1013 3388 Tri
1034 3333 1166 3390 antinum
1179 3349 1252 3388 sess.
1265 3336 1311 3400 22,
1323 3349 1386 3404 cap,
1398 3335 1425 3399 l,
1434 3339 1567 3389 constare
1582 3351 1723 3390 canonem
1735 3281 1791 3390 (do-

161 3405 346 3479 uphemium,
375 3405 438 3462 3ad
449 3405 601 3477 episcopos
614 3404 776 3471 Dardania,
788 3410 818 3460 ct
829 3406 862 3460 15
876 3405 912 3460 ad
966 3409 1053 3460 cetea
1061 3403 1134 3476 ipsis
1143 3403 1259 3459 Domini
1270 3403 1413 3474 verbis,ex
1424 3404 1621 3487 apostolorum
1631 3404 1793 3461 traditioni·

89 3474 914 3619 ttlfflitttltttbtt{titrtttlttdtltlttetth
967 3474 1792 3604 ltratsttttttttttttlltttettttllttttttotbtt

90 3567 303 3693 impegratorem,
312 3636 372 3692 qua
382 3617 480 3690 ipsum
491 3618 625 3674 hortatur
636 3623 667 3672 ut
678 3617 913 3690 apostolicaesedi
967 3623 996 3674 ιο
1007 3634 1070 3700 cap.
1084 3617 1127 3682 ll,
1140 3616 1189 3672 ubi
1210 3617 1294 3688 plura
1313 3616 1402 3674 habet
1416 3619 1451 3673 de
1462 3635 1581 3684 canone,
1595 3618 1742 3674 neminem
1757 3635 1793 3675 ex

90 3691 278 3765 obtemperet,
289 3697 318 3746 ct
329 3690 466 3746 damnato
476 3689 573 3746 Aeacii
583 3688 913 3770 uominaecclesiarum
967 3687 1156 3762 pontificibus
1167 3699 1231 3759 post
1242 3688 1412 3760 Gregorium
1424 3689 1563 3762 Magnum
1574 3689 1643 3762 quid
1667 3690 1724 3745 iam
1741 3689 1792 3745 ad·

90 3779 188 3834 pacem
203 3762 416 3818 restituendam
432 3766 514 3818 curet
530 3777 537 3816 :
553 3777 587 3816 ea
599 3765 644 3816 est
658 3760 760 3816 ordine
773 3763 800 3816 8.
968 3760 1077 3817 didisse
1104 3759 1208 3814 canoni
1224 3764 1275 3814 aut
1289 3760 1471 3816 immutasse.
1487 3761 1528 3817 De
1543 3707 1686 3830 clausaria,
1703 3777 1793 3834 quam

124 3834 211 3890 hinec
223 3835 271 3890 23.
287 3864 322 3874 -
337 3834 387 3888 llic
415 3834 480 3914 [ecit
507 3839 636 3888 tractatus
664 3839 689 3886 ct
716 3833 841 3904 lipmccs,
857 3833 911 3886 etc.
967 3829 1140 3887 Anastasius
1161 3829 1234 3886 dicit
1258 3830 1388 3887 additam
1404 3848 1421 3886 a
1436 3831 1573 3904 Gregorio
1589 3832 1639 3902 lll,
1656 3849 1709 3888 suo
1729 3831 1792 3889 loco

92 3903 244 3961 Missarum
258 3904 348 3962 etiam
364 3903 637 3984 ordiucmdigessit,
650 3903 771 3975 ejusque
784 3900 915 3958 Miesalia
968 3906 1080 3976 agetur.

92 3977 241 4033 exstabant
254 3993 332 4032 anno
348 3973 466 4032 Domini
479 3975 529 4030 831
547 3991 577 4029 iu
590 3972 708 4030 abbatia
736 3972 912 4041 centulensi,
1003 3971 1087 4044 Apud
1103 3970 1276 4026 Gratianum
1287 3971 1322 4026 de
1337 3971 1483 4040 Consecr,
1494 3972 1563 4028 dist.
1574 3976 1601 4040 2,
1612 3975 1794 4044 comperimus

92 4046 147 4103 sire
162 4047 257 4104 sancti
273 4045 410 4103 Richerii.
424 4045 471 4102 Sic
486 4044 564 4101 enim
580 4050 767 4100 recensentur
781 4043 811 4098 ia
825 4042 915 4099 Cbro·
969 4048 1063 4100 exstat
1078 4058 1171 4098 canoa
1188 4041 1294 4097 Gelasii
1309 4042 1448 4098 adversus
1464 4059 1513 4098 eos
1529 4045 1590 4114 qui,
1603 4049 1722 4116 sumpta
1732 4049 1795 4099 tau·

94 4118 155 4174 nico
166 4119 230 4190 ejus
240 4117 421 4185 monasterii,
432 4117 484 4173 lib.
496 4133 538 4182 ιιι,
550 4132 613 4198 cap.
625 4117 651 4183 3,
663 4119 734 4171 tom.
748 4114 783 4172 lV
794 4113 914 4185 Spicile-
969 4113 1121 4170 tummodo
1137 4111 1267 4182 corporis
1282 4113 1357 4168 sacri
1372 4113 1514 4185 portione,
1531 4131 1549 4168 a
1563 4111 1653 4169 calice
1668 4113 1793 4174 abstine-

94 4189 131 4260 gii
155 4189 339 4256 Dacheriani,
354 4189 385 4244 in
397 4187 494 4246 indice
517 4185 712 4252 Bibliotheca,
728 4186 760 4242 de
775 4187 855 4241 tibris
868 4201 916 4240 so·
969 4185 1040 4241 bant
1050 4201 1056 4239 :
1068 4206 1082 4233 a
1094 4182 1307 4254 Comperimus,
1318 4182 1416 4254 inquit
1425 4181 1650 4255 Gelasius,qu0d
1661 4185 1793 4255 quidam,

95 4263 186 4327 orarii,
214 4262 264 4332 qui
287 4261 442 4316 minsterio
474 4259 572 4314 altoris
597 4257 762 4322 demutent,
791 4256 915 4312 misotes
969 4252 1795 4337 sumptatantummodocorporiesacriportione,acaliue

98 4331 142 4387 Gra
159 4333 252 4388 oriani
268 4340 332 4400 tres,
345 4331 463 4386 Missotis
491 4329 673 4400 Gregorioccs
701 4335 727 4384 ct
757 4328 916 4385 Getristaous
970 4343 1044 4383 sacri
1061 4325 1173 4381 cruoris
1187 4323 1363 4390 abstineant,
1374 4324 1424 4395 qui
1435 4324 1535 4395 procul
1551 4323 1793 4396 dubio,quoniam

97 4350 226 4460 amdan&
255 4410 309 4460 tem
327 4404 420 4459 oribus
448 4402 482 4456 ab
504 4401 602 4456 Albino
626 4400 780 4457 ordinatus.
795 4397 917 4454 Mirantes
970 4397 1068 4455 nescio
1090 4411 1150 4467 qua
1170 4393 1377 4466 superstitione
1405 4395 1548 4450 docentur
1572 4394 1725 4468 obstringi,
1743 4398 1795 4452 aut

100 4473 229 4530 &hatoni
243 4474 288 4529 19.
304 4419 432 4530 foauncs
455 4471 601 4527 Diaconos
615 4469 646 4526 in
660 4471 726 4527 Vita
741 4471 770 4526 S.
787 4467 917 4550 Gregorii
931 4451 955 4517 D
970 4468 1085 4541 integra
1101 4470 1284 4548 sacramenta
1298 4466 1470 4538 percipiant,
1488 4472 1539 4521 aut
1557 4468 1593 4522 ab
1608 4465 1730 4539 integris
1746 4483 1795 4522 ar-

100 4543 199 4616 Magni,
214 4544 267 4600 lib.
284 4562 317 4613 ιι,
332 4561 396 4617 cap.
413 4545 456 4609 12,
473 4542 576 4598 scribit
590 4542 762 4614 Gregorium
786 4541 916 4596 codicem
970 4537 1625 4610 ceantur:quiadivisiouniusejusdemquem
1647 4536 1797 4592 steriisine

102 4615 279 4672 Gelasianum
294 4616 324 4672 in
338 4615 427 4671 unius
440 4613 508 4670 libri
520 4612 668 4669 volumine
692 4616 866 4678 coarctasse,
881 4610 917 4666 de
991 4609 1075 4666 randi
1090 4607 1241 4682 sacrilegio
1257 4625 1314 4664 non
1329 4613 1425 4691 potest
1436 4555 1797 4681 proventiasdupersiitio

102 4686 249 4743 missarum
265 4685 418 4743 solemniis
434 4683 529 4740 multa
550 4684 759 4751 subtrahendo,
776 4681 918 4739 nonnulla
1002 4681 1199 4738 anichaeorum
1228 4683 1290 4736 erat
1310 4679 1542 4736 vinumessesel
1558 4679 1798 4752 principistene-

103 4758 265 4830 edjiciendo,
277 4774 372 4831 pauca
386 4755 589 4813 convertendo.
602 4753 918 4826 Collectarum,quibus
971 4754 1092 4810 brarum
1108 4755 1136 4807 et
1150 4767 1167 4806 a
1182 4749 1297 4807 diabolo
1313 4755 1454 4818 creatum,
1469 4751 1547 4806 unde
1561 4748 1797 4806 communionem

104 4827 220 4887 inruisse
230 4827 485 4901 utimur,primum
496 4830 643 4882 auctorem
655 4827 746 4882 luisse
757 4824 917 4891 Gelasium,
972 4824 1028 4880 sub
1043 4821 1139 4895 specie
1149 4821 1208 4877 vini
1225 4838 1339 4878 sumere
1355 4823 1540 4889 recusabant,
1557 4827 1591 4877 ut
1603 4826 1729 4878 testatur
1742 4822 1799 4876 Leo

105 4915 194 4958 omues
208 4917 308 4958 rerum
323 4897 587 4956 ecclesiasticarum
603 4898 758 4970 scriptores
772 4899 918 4963 asserunt,
974 4895 1108 4966 Magnus,
1121 4909 1208 4948 serm.
1220 4910 1248 4950 iv
1259 4894 1295 4949 de
1308 4893 1548 4966 Quadragesima.
1560 4893 1693 4966 Utigitur
1703 4892 1801 4948 catho-

105 4973 256 5044 etantiqua
271 4974 464 5028 monumento
479 4969 625 5026 evincunt.
973 4965 1029 5021 lico
1040 4963 1157 5020 nomine
1172 4963 1319 5020 latitantes
1333 4965 1536 5036 proderentur,
1548 4964 1624 5018 idem
1637 4962 1799 5019 remedium

135 5043 162 5098 lii
176 5043 262 5100 Libro
278 5040 441 5100 Pontificali
456 5040 491 5097 de
504 5039 619 5097 Gelasio
646 5037 921 5111 legitur:Fccitac-
974 5035 1110 5092 adhibuit
1124 5033 1266 5102 Gelasius,
1284 5052 1340 5107 quo
1365 5035 1477 5106 pridem
1508 5035 1564 5090 Leo
1593 5051 1666 5090 risus
1695 5035 1800 5101 luerat,

105 5123 294 5172 camentorum
306 5115 483 5187 praescttccea
497 5121 522 5168 et
535 5114 670 5168 orationes
694 5117 772 5166 cocto
786 5123 919 5164 sercwce.
974 5104 1146 5180 precipiens
1155 5107 1250 5160 utsub
1267 5111 1397 5178 utraque
1413 5124 1426 5162 s
1448 5104 1508 5161 ecie
1521 5122 1623 5161 omnes
1637 5103 1801 5161 communi·

105 5185 138 5240 ild
154 5203 215 5258 que
229 5187 320 5242 verba
335 5181 544 5242 Schelstratius
558 5183 588 5238 in
604 5181 681 5238 notis
696 5181 804 5236 habat:
822 5179 922 5234 lixstat
975 5183 1095 5236 carent:
1113 5193 1148 5231 nc
1163 5176 1188 5231 si
1204 5176 1339 5232 catholici
1354 5195 1371 5233 a
1393 5124 1482 5232 calice
1513 5176 1702 5242 abstinerent,
1720 5192 1750 5232 se
1765 5175 1802 5230 de

105 5254 128 5310 in
149 5255 327 5314 bibliotheca
351 5253 633 5312 Palatino-Vaticana
656 5249 921 5309 Sacramentarium
975 5248 1079 5306 heresi
1096 5247 1322 5303 llanichrcorum
1337 5253 1489 5320 suspectos
1500 5248 1654 5304 redderent
1666 5264 1672 5303 :
1685 5247 1752 5302 auti
1776 5243 1802 5300 si

104 5343 151 5384 uis.
167 5345 312 5387 annorum
343 5327 458 5383 circiter
486 5324 576 5392 milla,
597 5324 627 5379 in
652 5340 709 5396 quo
734 5322 924 5378 continentur
976 5318 1128 5378 Manichaei
1144 5334 1178 5378 oo
1193 5319 1357 5444 sigpodete
1378 5320 1386 5373 i
1403 5336 1461 5375 uon
1478 5323 1606 5391 possent,
1623 5319 1648 5374 si
1664 5319 1742 5372 idem
1755 5263 1803 5370 ia-

103 5399 277 5471 prefationes
292 5402 361 5456 ante
375 5397 505 5472 Gregorii
526 5400 659 5469 tempora
678 5394 708 5450 in
722 5393 851 5450 Ecclesia
867 5391 922 5448 ao·
977 5395 1075 5448 carent
1089 5390 1167 5462 quod
1183 5395 1229 5446 cat
1252 5390 1317 5446 olici
1334 5407 1368 5446 su
1402 5389 1805 5472 speciesclapaniscommu·

103 5487 182 5527 maiia
197 5489 253 5528 usu
269 5475 479 5544 receptaque
493 5469 592 5525 forsan
608 5466 662 5522 illae
678 5468 757 5533 suut,
770 5463 924 5536 dequibus
977 5463 1119 5520 nicantes.
1137 5465 1207 5517 Cum
1223 5478 1289 5517 vero
1305 5461 1345 5516 ait
1359 5461 1492 5518 Gelasius
1508 5461 1680 5517 divisionem
1696 5462 1804 5531 myste-

102 5541 350 5601 hoclocoinentio
367 5539 511 5613 reperitur
528 5556 535 5594 :
553 5539 631 5595 unde
659 5555 717 5593 nori
746 5535 821 5592 male
851 5532 923 5590 illud
977 5535 1014 5590 rii
1028 5534 1090 5589 siue
1105 5532 1209 5606 grandi
1224 5532 1376 5605 sacrilegio
1392 5533 1541 5605 provenire
1557 5549 1614 5587 non
1631 5547 1726 5602 posse,
1739 5543 1806 5585 eos·

101 5613 363 5688 Sacramentarium
375 5604 925 5669 GclaaianumvocatonltaScbelstra·
978 5607 1045 5662 dein
1072 5603 1248 5660 Manichacus
1284 5605 1411 5676 perstrin
1432 5604 1464 5670 it,
1515 5604 1545 5658 ui
1568 5601 1714 5683 ‘haustum
1745 5597 1807 5656 viui

100 5685 165 5744 tius.
176 5687 218 5744 Ex
227 5685 284 5743 hoc
293 5684 358 5742 loco
371 5683 492 5758 quidam
502 5680 617 5740 Gelasio
631 5680 765 5738 tribuunt
780 5676 926 5762 prelatio·
979 5681 1150 5750 respuentes
1179 5679 1321 5748 tanquam
1348 5675 1387 5732 tel
1411 5619 1529 5742 diaboii,
1545 5672 1644 5728 divina
1668 5669 1808 5744 mysteria

100 5773 168 5826 auin
181 5755 411 5826 institutionem·
428 5753 484 5822 Sed
499 5751 657 5820 accinctis
673 5752 753 5818 ioca
767 5748 848 5816 hhii
858 5748 925 5814 uer.
980 5747 1081 5832 procul
1096 5746 1185 5811 dubio
1201 5745 1387 5820 mutilabant,
1405 5761 1494 5823 seque
1521 5741 1625 5824 grandi
1655 5739 1808 5820 sacrilegio
