4098 6186
190 221 229 284 aa
650 257 653 266 .
764 207 970 272 aaasrtsu
993 205 1316 271 aratroraaetnu.
1541 215 1550 226 ’
1834 175 1895 264 roc

227 341 1053 416 Nonestcuraliundequaeramusassertidemonstra-A
1104 342 1263 397 Subortam
1287 340 1383 394 fuerat
1397 336 1527 392 schisma
1548 333 1682 390 Ecclesia
1706 334 1895 392 Antiocheae

191 425 311 488 lirinum,
322 435 390 476 cum
404 416 520 472 abunde
535 418 671 487 suppetat
686 413 714 468 in
731 414 794 486 ipso
807 413 937 468 Romano
948 429 1014 468 coo·
1069 413 1188 468 sedente
1200 412 1296 467 Roma·
1314 408 1435 465 tiberio.
1447 405 1594 488 Dudoaius
1604 406 1682 488 euim
1697 407 1825 462 Arianos
1834 407 1897 480 epi·

109 545 115 560 ,
191 495 257 552 cilio
269 489 385 548 Damasi
401 489 437 544 dc
452 503 509 560 quc
525 485 658 557 agimus:
672 501 689 539 a
704 501 761 556 quo
772 485 853 555 jaste
867 484 1012 556 prolatum
1067 501 1173 555 scopus
1189 501 1255 538 eura
1271 481 1331 537 sodi
1348 477 1535 563 patriarchali
1545 477 1731 560 Antiochense
1742 494 1832 550 quam
1847 495 1896 534 oc·

191 565 316 622 dicimus
327 559 530 617 testimoniam
541 556 638 630 potius
667 573 735 610 uam
747 556 895 616 decretum
906 555 941 610 dc
951 571 1013 626 pro·
1066 558 1224 627 cupaverat
1247 551 1424 626 praetulisset
1438 547 1793 621 Constantinopolitanam
1816 548 1896 618 (vide

190 636 281 692 bitate
300 637 388 705 atque
412 629 537 686 heroicis
551 573 708 683 virtutihus
733 627 825 682 sancti
851 626 1012 698 pontificis;
1066 626 1146 682 Scor.
1168 625 1218 680 lib.
1244 642 1264 691 1,
1290 641 1314 679 e.
1340 624 1385 695 34)
1417 621 1515 677 ditiori
1543 619 1719 703 patrimonio
1734 620 1893 701 dotatam,

190 711 254 762 tum
278 704 365 760 ctiam
389 701 419 756 in
444 699 583 772 rescripto
609 700 807 771 Augustorum
832 696 961 753 Gratiani
985 699 1014 752 et
1066 698 1199 767 ejusdem
1216 695 1349 751 factionis
1364 692 1482 750 asseclae
1505 691 1709 748 stabiliverunt
1733 708 1763 746 m
1786 691 1893 749 throno

189 771 384 832 Valentiniani
398 772 432 840 ll,
445 771 613 843 jubentium
624 769 731 824 vicario
744 785 855 824 necnon
870 767 1013 840 praelectis
1066 767 1245 823 Antiocheno
1269 764 1417 821 Meletium
1437 763 1508 829 olim
1524 763 1727 828 sebastenum,
1739 767 1810 818 tunc
1823 779 1893 820 vero

190 846 324 923 pretorio
335 844 432 900 Gallia
448 847 534 914 atquc
549 841 636 896 ltaliae
649 841 706 908 (vid
723 841 816 895 Boron
829 839 864 894 ad
881 857 939 894 ann
949 838 1012 922 381)
1067 838 1285 894 Bcrrhoeensem
1301 837 1480 909 episcopum.
1493 857 1508 884 a
1522 835 1594 916 Nam
1611 834 1689 890 lama
1703 838 1732 890 ct
1746 833 1894 891 existima-

191 924 224 976 nt
233 916 405 975 auctoritate
413 911 743 980 adhibita,sententiasa
753 910 875 966 Romani
884 910 1012 982 episcopt
1066 909 1144 965 tione
1155 911 1219 982 ejus
1230 909 1362 965 futurum
1372 908 1516 989 putabant
1529 908 1582 1031 qart
1597 905 1776 987 Summanus
1788 904 1839 962 lib.
1851 923 1892 976 tv,

187 989 299 1063 judicio
314 986 441 1060 prolatas
452 985 546 1041 valide
561 983 707 1040 sustinere
719 987 748 1038 et
763 987 861 1038 exacte
874 981 1013 1037 mandare
1066 999 1129 1053 cap.
1145 982 1190 1053 27)
1206 985 1238 1036 ut
1266 997 1324 1035 noo
1353 979 1439 1034 modo
1467 993 1533 1059 mco
1546 993 1578 1033 as
1604 976 1774 1058 Antiochiae,
1787 993 1893 1034 verum

190 1061 293 1118 debitae
308 1057 487 1116 exsecutioni
502 1072 559 1111 non
575 1054 721 1110 omittant.
1066 1053 1154 1109 etiam
1166 1053 1254 1107 urbes
1265 1050 1584 1118 finitimas,etmax1me
1594 1047 1892 1118 olrmllustathianos,

226 1131 388 1188 Concilium
403 1129 439 1184 dc
450 1144 507 1210 quo
517 1125 603 1182 nobis
613 1129 658 1180 est
670 1141 775 1191 sermo,
788 1123 817 1179 in
829 1139 886 1194 quo
903 1121 1014 1178 scilicet
1067 1123 1117 1197 qai
1129 1124 1169 1178 ita
1179 1124 1214 1178 de
1226 1123 1294 1190 Deo,
1304 1122 1381 1177 sicut
1391 1119 1547 1177 concilium
1558 1119 1707 1174 Nicaeum
1718 1119 1893 1191 tradiderat,

191 1202 309 1260 Damasi
324 1201 491 1256 innocentia
504 1198 587 1271 plene
622 1200 792 1269 erspeetaet
805 1194 921 1267 publico
931 1209 1015 1250 enco-
1067 1194 1240 1262 sentiebant,
1257 1193 1377 1250 omnino
1393 1193 1429 1248 ad
1445 1207 1530 1247 suam
1545 1194 1655 1246 sectam
1670 1194 1859 1248 attracturos.
1875 1215 1891 1242 »

191 1275 250 1330 mio
261 1273 404 1330 celebrata
414 1215 738 1327 estcontraeaiumnias
747 1264 1011 1332 schismaticorum,
1068 1267 1192 1322 Rufinus
1217 1265 1299 1320 addit
1322 1264 1393 1320 llist.
1411 1263 1461 1318 lib.
1483 1278 1580 1334 1,eap.
1601 1263 1647 1333 24,
1667 1260 1893 1320 translationem

191 1346 272 1402 dedit
285 1343 438 1416 epistolam
453 1341 623 1414 synodicam
634 1339 669 1394 ad
682 1339 898 1421 imperatorem,
909 1337 939 1391 in
955 1351 1014 1408 qua
1068 1336 1174 1394 Meletii
1189 1337 1295 1392 factam
1311 1339 1412 1391 eontra
1425 1332 1505 1406 leges
1519 1349 1668 1415 sacrorum
1679 1350 1836 1390 canonum.

191 1415 351 1489 praemissis
360 1413 519 1486 gratiarum
531 1409 807 1476 actionibus‚e1dem
838 1407 941 1479 rincipi
953 1423 1013 1480 per·
1104 1407 1157 1464 Ubi
1174 1424 1239 1464 varo
1250 1424 1280 1464 se
1295 1423 1328 1462 co
1350 1409 1492 1462 noverunt
1500 1406 1599 1460 Anam
1613 1421 1667 1460 sua
1677 1421 1727 1461 eas
1749 1404 1895 1461 eotadoue

191 1487 298 1544 solutio
314 1486 350 1541 ob
366 1488 508 1540 assertam
525 1482 554 1536 in
570 1482 632 1536 sais
652 1480 739 1535 etiam
761 1426 874 1551 legissus
890 1477 1013 1534 Romani
1068 1480 1223 1535 frustratos
1238 1481 1318 1547 (uam
1363 1477 1467 1533 elatius
1487 1492 1538 1549 pro
1560 1475 1677 1531 Nicaea
1697 1475 1716 1530 ss
1739 1492 1799 1533 ese
1814 1481 1895 1532 stare

191 1555 337 1630 pontificis
353 1554 553 1611 auctoritatem
566 1551 718 1622 judicandi
730 1551 765 1605 de
780 1549 891 1605 caeteris
906 1550 1015 1621 episco-
1068 1551 1174 1607 diserte
1190 1549 1339 1622 professus
1351 1549 1404 1631 est)
1416 1546 1566 1603 Constanti
1576 1546 1744 1630 imperatori
1757 1551 1894 1604 auctores

191 1628 246 1701 pis,
263 1629 483 1697 conqueruntur
510 1623 545 1677 de
573 1621 717 1689 Ursicino,
739 1637 773 1676 ac
799 1621 835 1675 de
865 1619 1015 1675 nonnullis
1068 1617 1894 1695 Duntcjusexpellendirnexsillium,c1quesubstituendi

190 1697 336 1772 episcopis
350 1693 491 1768 depositis
505 1710 556 1765 per
570 1693 739 1758 Damasum,
755 1691 805 1762 qui
821 1690 952 1765 exemplo
968 1690 1012 1746 sui
1068 1693 1219 1758 lluzoium,
1236 1695 1335 1764 aperte
1348 1691 1500 1756 Arionem,
1517 1694 1545 1746 et
1562 1706 1653 1744 unum
1676 1706 1711 1747 ex
1735 1691 1822 1763 preci
1846 1689 1895 1746 uis

191 1767 375 1842 antesignani
388 1765 518 1822 schisma
531 1763 561 1818 in
573 1762 701 1818 llcelcsia
711 1761 911 1818 confovebant.
926 1764 1015 1817 Asse·
1067 1762 1220 1835 discipulis
1234 1763 1304 1818 Arii.
1315 1761 1433 1818 Veteres
1448 1761 1525 1817 inter
1534 1760 1730 1817 Antiochenoe
1743 1707 1894 1828 eathoiici,

191 1838 464 1910 raathueteadere
475 1834 655 1907 perditorum
667 1833 837 1904 hujusmodi
849 1832 1014 1888 schismati·
1068 1833 1119 1907 qui
1133 1834 1373 1890 cmuahctantc'alis
1396 1834 1482 1888 fidem
1506 1835 1674 1888 constanter
1696 1836 1893 1903 servaverant,

192 1913 292 1968 eorum
309 1907 440 1975 coasilia,
453 1911 481 1961 et
501 1906 628 1972 fraudes,
640 1927 654 1953 o
671 1909 705 1959 ut
720 1903 789 1958 dum
810 1921 930 1959 eausam
945 1902 1016 1958 dicit
1068 1923 1143 1978 quos
1154 1904 1341 1978 appellabant
1350 1903 1566 1970 Dastathianos,
1578 1902 1684 1959 Meletii
1696 1902 1894 1960 declaratione

192 1983 241 2054 qui
258 1981 287 2035 in
303 1995 405 2036 omnes
422 1978 514 2048 judex
529 1977 621 2030 luerat
633 1974 820 2040 constitutus,
838 1991 923 2030 nemo
938 1979 1016 2029 essct
1069 1977 1143 2034 nihil
1158 1975 1281 2049 permoti
1298 1977 1502 2032 recusaverant
1516 1975 1651 2030 eumdem
1667 1975 1837 2048 episcopum
1851 1991 1896 2031 rc-

192 2046 242 2126 qui
258 2053 293 2106 dc
309 2047 460 2123 lapsisveI
473 2048 508 2104 de
524 2045 652 2102 factiosis
667 2051 765 2118 posset
773 2046 870 2116 ¹episco
894 2050 960 2102 atus
975 2045 1017 2100 in·
1069 2065 1252 2120 cognoscere,
1265 2051 1292 2102 et
1303 2063 1370 2102 cum
1383 2046 1441 2102 illis
1452 2046 1501 2117 qui
1512 2045 1606 2101 eidem
1617 2044 1806 2102 adherebant
1815 2063 1896 2102 eom·

191 2122 344 2179 vasoribus
358 2157 361 2164 ·
368 2119 511 2191 judicare.
524 2140 537 2170 a
559 2118 591 2185 (ll
614 2119 661 2171 ist.
678 2133 740 2189 syn.
758 2115 861 2172 concil.
904 2115 1015 2172 amad
1069 2119 1229 2184 manicare,
1245 2139 1258 2168 u
1275 2117 1383 2190 duplici
1406 2117 1539 2185 nomine;
1563 2120 1638 2184 tum,
1655 2117 1732 2190 quod
1757 2117 1895 2174 Meletius

193 2193 334 2264 Gratiau.)
346 2191 535 2262 Perspicuum
556 2206 570 2243 r
608 2188 690 2256 dunt,
702 2187 829 2243 voluisse
851 2187 881 2241 in
901 2187 955 2242 hoe
970 2203 1015 2242 re·
1068 2189 1131 2262 ipsc
1144 2191 1319 2244 Arianorum
1334 2189 1425 2245 sutlra
1447 2188 1483 2244 iis
1497 2188 1601 2243 luisset
1612 2188 1648 2243 ad
1659 2188 1813 2244 sacerdotii
1828 2189 1897 2244 suu·

192 2281 258 2323 rum
274 2267 352 2320 statu
369 2265 472 2334 suopte
486 2255 604 2333 ingenio
619 2258 785 2332 pontificem
796 2281 809 2308 c
823 2257 1015 2314 sevcrioribus
1069 2261 1193 2316 ctionem
1211 2258 1340 2316 delectus
1355 2259 1408 2328 (ait
1423 2205 1555 2317 s§cerates
1573 2257 1635 2315 loco
1651 2259 1723 2330 cit),
1734 2263 1798 2316 tum
1813 2259 1894 2332 quod

192 2353 224 2395 sc
234 2337 304 2393 dare
314 2333 434 2406 judiciis
444 2332 629 2388 sacerdotum
642 2353 675 2385 a.
692 2329 771 2385 ..ita
782 2331 886 2385 ut=‹vir
896 2332 1015 2385 sanetus
1069 2333 1133 2403 ojus
1149 2336 1305 2388 sectatores
1321 2332 1357 2387 ab
1372 2330 1430 2387 illis
1446 2329 1585 2404 baptismi
1600 2329 1749 2386 lavacrum
1764 2329 1895 2404 recepis-

193 2405 351 2479 (inquiunt)
371 2410 473 2459 vestra
490 2403 583 2476 magis
599 2401 729 2458 conferre
744 2399 843 2472 pietati
854 2418 943 2473 quam
958 2399 1014 2455 sibi
1069 2407 1143 2459 sent.
1157 2424 1171 2452 a

192 2481 330 2552 prestare
341 2475 494 2542 desideret,
508 2491 559 2528 nee
570 2474 707 2544 derogare
718 2473 865 2544 cuiquam,
876 2471 926 2526 sed
940 2471 1016 2543 priu-
1105 2473 1220 2530 Lucifer
1234 2471 1417 2528 Calaritanus
1428 2471 1469 2526 ita
1478 2471 1667 2529 constitutam
1679 2469 1786 2543 reperit
1799 2469 1897 2528 Eccle

192 2549 307 2632 cipibus
327 2546 396 2602 adro
418 2543 656 2601 arnaSubdunt
680 2543 762 2625 sequi
787 2543 945 2598 Damasum
965 2558 1014 2597 vo·
1069 2545 1143 2601 siam
1157 2543 1379 2608 Antiochenam,
1411 2543 1590 2624 uandotpost
1602 2543 1755 2599 decessum
1770 2541 1898 2626 impera·

192 2621 284 2678 luisse
293 2563 458 2690 exempium
471 2615 515 2671 sui
528 2615 688 2672 decessoris
702 2614 831 2670 Silvestri
845 2631 952 2686 papea«
965 2612 1015 2686 qai
1068 2617 1140 2673 toris
1151 2614 1311 2671 Constantii
1322 2560 1455 2670 samiam
1466 2613 1653 2682 uertautmti
1665 2614 1896 2696 supradiximus

193 2689 369 2762 aeaerilegis
379 2691 534 2744 aecusatus
545 2687 622 2759 apud
636 2690 786 2759 parentem
796 2691 926 2740 vestrum
937 2685 1014 2740 Con·
1068 2688 1099 2742 in
1114 2687 1191 2742 notis
1207 2687 1243 2742 ad
1255 2685 1425 2754 Liberium).
1437 2684 1567 2757 Speravit
1579 2684 1758 2742 reconciliari
1769 2701 1854 2756 posse
1866 2689 1898 2742 et

192 2762 355 2820 stantinum
371 2775 490 2816 eausam
507 2757 652 2830 propriam
669 2760 840 2828 prosecutus
855 2760 908 2812 est.
918 2778 932 2805 »
1068 2759 1097 2814 in
1109 2775 1202 2813 unam
1215 2761 1321 2813 coetum
1332 2755 1484 2812 convenire
1498 2761 1578 2812 atros
1601 2773 1636 2812 ue
1647 2755 1805 2812 catholicos
1815 2757 1895 2812 Eus-

228 2827 420 2905 lmp'eratores
438 2830 468 2886 in
489 2829 675 2885 rescribendo
695 2828 920 2900 magistratuum
936 2825 1014 2908 desi·
1068 2773 1896 2900 tathiaucsetltlelctianos,«sitalisviiigereturepiseopus

192 2906 270 2962 diam
280 2905 401 2959 inertem
411 2905 440 2957 et
448 2900 638 2956 inofficiosum
649 2899 779 2970 culpant,
787 2915 820 2954 ac
829 2899 961 2955 deciduam
970 2913 1016 2969 ja·
1068 2901 1182 2970 (serihit
1193 2901 1290 2955 Ratio.
1302 2898 1352 2954 lih.
1366 2915 1416 2966 1,c.
1425 2901 1471 2967 27)
1482 2915 1551 2972 erga
1560 2915 1647 2970 quem
1658 2915 1715 2954 uon
1727 2915 1785 2955 una
1796 2898 1895 2972 plebs,

191 2975 283 3032 dicam
297 2975 347 3045 qai
357 2974 519 3041 reliqimtcm
530 2972 681 3044 inquietari
690 2973 784 3042 (queam
795 2986 854 3036 nos,
866 2968 1013 3040 inquiunt,
1069 2973 1120 3028 sad
1137 2975 1201 3027 atra
1224 2987 1260 3027 ue
1274 2971 1423 3044 gauderet.
1436 2972 1529 3052 Quare
1547 2986 1749 3044 praeproperus
1768 2969 1896 3026 carboli.

187 3049 252 3120 jarc
270 3043 442 3167 ccrrcramarp
455 3044 590 3112 patienter
608 3043 756 3111 accipiant,
772 3044 802 3094 et
820 3041 849 3094 in
869 3040 944 3095 hanc
965 3055 1013 3094 so·
1029 3079 1050 3145 C
1068 3059 1135 3098 cum
1152 2988 1280 3114 quidem,
1297 3046 1326 3097 et
1345 3045 1479 3097 sanctum
1493 3057 1602 3110 varum,
1618 3059 1652 3098 ac
1667 3057 1719 3114 per
1732 3041 1831 3097 emnia
1845 3041 1895 3097 di-

192 3115 321 3173 cordiam
337 3116 420 3169 rel'un
446 3117 499 3168 uut
510 3128 629 3167 causam
645 3110 814 3180 haJ'usmodi
830 3110 1013 3165 tumultuum
1067 3131 1158 3184 gnum
1174 3113 1334 3169 sacerdotio
1350 3111 1504 3168 Paulinum
1520 3113 1691 3195 episcopum
1706 3112 1868 3169 collocavit.
1879 3135 1895 3162 a

192 3205 226 3244 ac
241 3185 397 3242 maloram.
409 3185 483 3239 Turn
499 3183 535 3238 de
550 3181 746 3238 schismaticis
760 3181 891 3236 subdunt
904 3198 927 3236 :a
941 3181 1013 3236 Hinc
1066 3185 1174 3241 Verum
1184 3183 1329 3239 Meletiani
1339 3183 1476 3243 cumdem
1488 3200 1614 3256 recipere
1624 3185 1837 3252 detrectarunt;
1849 3183 1897 3241 ita

190 3258 234 3314 illi
249 3257 438 3312 insectatores
454 3252 647 3310 sanctissimae
669 3252 757 3319 sedis,
770 3269 826 3308 non
852 3251 948 3308 solum
963 3250 1014 3328 Dei
1067 3260 1100 3313 ut
1108 3255 1237 3311 schisma
1247 3272 1298 3328 per
1306 3271 1398 3310 annos
1408 3254 1506 3326 plures
1510 3256 1691 3382 productum
1701 3254 1797 3322 luerit,
1805 3255 1898 3312 atris-

192 3327 409 3398 numine,quod
422 3324 494 3382 satis
504 3329 574 3392 erat,
587 3325 637 3380 scd
653 3324 741 3380 ctiam
753 3323 932 3395 judiciorum
948 3339 1012 3379 exa·
1068 3343 1124 3400 quc
1140 3326 1273 3401 partibus
1285 3325 1315 3380 in
1331 3325 1429 3382 locum
1439 3327 1508 3383 dece
1530 3325 1642 3383 entium
1657 3327 1693 3382 ad
1710 3341 1813 3382 novam
1828 3343 1899 3399 pro-

192 3399 456 3472 miniexploratum
468 3393 1013 3472 mentissanctissimrevirummtetium
1068 3397 1238 3455 cedentibus
1253 3396 1434 3452 electionem.
1471 3418 1474 3424 ·

191 3471 257 3529 divo
270 3470 347 3526 Patri
358 3467 563 3523 Valentiniano
576 3469 621 3522 ost
635 3467 867 3539 comprobatum,
878 3465 1014 3538 turpissi-
1104 3469 1229 3525 Sanctus
1245 3467 1371 3524 basilius
1386 3465 1539 3524 certiorem
1551 3464 1618 3524 lecit
1630 3468 1659 3524 S.
1673 3467 1834 3524 Damasum
1843 3483 1899 3540 pa-

192 3542 250 3599 mis
264 3539 419 3598 calumniis
431 3539 599 3611 episcopum
615 3539 774 3594 Damasum
784 3537 946 3609 inquietare
957 3553 1014 3592 non
1068 3557 1135 3612 pam
1145 3542 1180 3596 de
1190 3540 1361 3611 hujusmodi
1372 3539 1748 3604 tumultibus,simuletiam
1759 3539 1898 3595 scribens

191 3613 290 3680 verita
306 3617 461 3685 postquam
477 3611 703 3682 desperaverunt
724 3625 809 3681 posse
825 3606 951 3680 percelli,
963 3624 1015 3679 po·
1068 3612 1104 3666 ad
1121 3613 1151 3666 D.
1164 3611 1357 3667 Athanasium
1368 3609 1546 3682 epistola52,
1560 3610 1606 3665 his
1615 3609 1710 3666 verbis
1723 3627 1796 3666 usus
1809 3627 1833 3665 :c
1844 3609 1900 3665 Vi-

213 3683 306 3749 nlum,
323 3699 374 3754 pro
396 3698 454 3764 quo
478 3681 526 3737 ille
550 3679 695 3735 divinitati
720 3679 805 3735 obses
829 3683 883 3746 cst,
901 3679 1014 3750 inquic·
1069 3699 1135 3737 sum
1152 3687 1196 3738 est
1215 3687 1313 3738 autem
1337 3680 1409 3736 mihi
1434 3687 1673 3748 consentancum,
1690 3685 1723 3738 ut
1747 3681 1900 3737 scribatur

191 3702 283 3812 iant.»
295 3753 381 3808 Praei
387 3755 470 3824 prout
488 3752 596 3824 itaque.
612 3756 646 3806 ut
661 3751 774 3807 l'actiosi
799 3751 840 3806 ita
862 3751 1014 3806 turbantes
1068 3754 1203 3826 episcopo
1219 3754 1326 3821 lloma,
1338 3756 1372 3808 ut
1384 3769 1446 3825 quc
1462 3752 1664 3880 hichgeruotur
1677 3751 1852 3820 consideret,
1867 3756 1900 3811 et

192 3827 319 3900 quietem
335 3823 484 3880 civitatum
511 3824 546 3879 ab
567 3823 625 3878 illis
640 3821 830 3895 expellantur,
843 3826 872 3877 ct
895 3826 1014 3876 centum
1069 3825 1508 3895 sententiamsuamexpromat.
1539 3822 1898 3896 tqaouianrdilticileest,

192 3895 338 3952 milliariis
348 3896 384 3952 ab
397 3896 468 3951 urbe
479 3895 569 3949 Roma
584 3899 766 3950 siccaneae«
777 3893 947 3964 Quicunque
962 3910 1014 3948 au·
1068 3900 1102 3952 ut
1112 3895 1260 3951 communi
1270 3913 1303 3952 ac
1314 3895 1452 3967 synodico
1460 3896 1574 3951 decreto
1584 3894 1676 3967 aliqui
1687 3894 1768 3951 illiue
1776 3894 1901 3951 mittan-

190 3973 251 4025 tem
271 3967 384 4040 judicio
409 3966 536 4031 Damasi,
551 3969 617 4032 ete,
633 3965 845 4020 condemnatus
870 3964 970 4032 laerit;
987 3967 1015 4018 et
1068 3968 1200 4040 tur,ipse
1214 3984 1268 4023 saa
1284 3967 1455 4030 auctoritate
1479 3967 1508 4021 in
1530 3966 1584 4022 hac
1608 3983 1697 4022 causa
1720 3983 1792 4022 usus
1813 3966 1900 4023 viros

191 4039 242 4112 qui
259 4043 394 4096 evocatas
409 4038 444 4094 ad
456 4036 634 4093 sacerdotale
645 4035 790 4103 judicium
806 4040 1015 4109 percontuma-
1068 4039 1157 4112 eligat
1166 4040 1201 4095 ad
1209 4039 1342 4095 serendas
1350 4037 1469 4111 quidem
1477 4037 1591 4094 itineris
1599 4037 1749 4094 molestias
1758 4037 1898 4106 idoneos,

191 4111 267 4167 ciam
283 4127 340 4166 uon
360 4109 470 4175 ivisset,
487 4108 523 4162 ab
546 4106 712 4162 illustribus
726 4106 795 4163 viris
819 4105 962 4179 praelectis
977 4107 1012 4162 ad
1067 4127 1166 4166 verum
1184 4112 1269 4181 justa
1285 4110 1319 4165 ad
1345 4109 1400 4165 hoc
1415 4125 1532 4191 quoque
1557 4110 1741 4176 accomodes,
1752 4114 1785 4164 ut
1807 4125 1900 4164 man-

190 4181 355 4255 episcopale
368 4179 515 4252 judicium
535 4179 711 4244 remittatur,
727 4178 786 4234 sive
801 4194 818 4233 a
833 4176 1013 4252 proconsuli·
1068 4181 1223 4238 suetudine
1234 4186 1262 4236 et
1273 4181 1409 4240 solicitata
1419 4179 1528 4262 ingenii
1538 4179 1770 4253 eosquidistorti
1782 4184 1810 4235 et
1821 4177 1900 4236 obli-

190 4254 256 4319 hus,
268 4251 313 4309 vel
328 4251 455 4319 vicariis,
467 4255 500 4306 ut
516 4249 550 4304 ad
568 4250 669 4306 urbem
697 4250 818 4306 Romam
835 4251 889 4306 sab
914 4265 1013 4321 prosc·
1068 4253 1119 4325 qai
1135 4252 1212 4325 apud
1228 4269 1281 4308 nos
1297 4256 1375 4318 sunt,
1387 4254 1544 4324 corrigant,
1557 4257 1624 4323 apte
1636 4267 1669 4307 ac
1679 4250 1899 4324 dispensatorie

190 4320 593 4396 cutioneperveuiat,ete.,vcl
602 4323 627 4378 si
637 4321 698 4394 ipse
709 4320 1012 4392 metropolitanuscst,
1068 4340 1232 4380 sermonem
1248 4328 1484 4395 attemperantee,
1496 4321 1652 4396 omniaque
1667 4339 1768 4379 secam
1779 4321 1900 4379 habeu-

190 4397 313 4452 Romam
328 4393 503 4461 necessario,
514 4391 558 4446 vel
574 4393 611 4447 ad
627 4407 686 4457 eos,
699 4407 772 4462 quos
787 4391 937 4446 Romanus
952 4389 1012 4463 opi·
1068 4399 1112 4450 tes
1122 4395 1227 4465 quain
1238 4393 1378 4464 Arimino,
1390 4395 1425 4448 ad
1437 4411 1470 4450 ea
1482 4393 1683 4463 rescindenda,
1696 4411 1759 4467 quae
1770 4392 1831 4450 illic
1841 4410 1902 4466 per

190 4482 297 4536 scopus
308 4464 423 4535 judices
434 4462 555 4531 dederit,
568 4463 630 4517 sinc
645 4461 792 4527 dilatione,
805 4461 970 4516 contendat.
986 4504 991 4516 .
1006 4503 1013 4515 .
1030 4445 1052 4508 D
1067 4466 1124 4520 vim
1141 4469 1170 4520 et
1184 4462 1348 4519 violentiam
1364 4468 1447 4536 gesta
1461 4471 1539 4522 sant.
1554 4487 1568 4515 a

190 4535 272 4601 Quod
284 4533 310 4588 si
321 4532 534 4614 metropolitani
548 4531 687 4602 episcopi,
698 4531 741 4586 vel
753 4533 956 4602 cujuscunque
971 4547 1014 4586 sa·
1104 4536 1136 4590 ln
1155 4533 1278 4608 epistola
1295 4551 1362 4590 vero
1382 4536 1417 4592 ad
1439 4536 1609 4603 Damasum,
1625 4552 1709 4592 num.
1723 4537 1787 4605 220,
1804 4551 1900 4608 quem

191 4603 317 4661 cordatis
331 4603 473 4675 iniquitas
490 4606 534 4657 est
554 4606 700 4674 suspecta,
717 4604 767 4656 aut
790 4601 894 4674 gratia,
907 4601 943 4656 ad
958 4602 1013 4657 Ro·
1069 4605 1196 4678 appellat
1210 4605 1323 4660 Patrem
1335 4606 1586 4676 colendissimum,
1597 4607 1715 4681 exponit
1725 4606 1902 4681 amplitudi-

191 4691 313 4732 manum
337 4675 518 4756 episcopum,
534 4671 578 4727 vel
603 4673 637 4727 ad
665 4671 831 4753 concilium⁴
847 4662 1014 4743 quinileeim
1068 4675 1297 4750 nemregionum
1311 4677 1370 4733 illis
1385 4679 1513 4734 motibus
1528 4678 1741 4751 perculsorum,
1752 4683 1783 4735 ct
1797 4695 1900 4735 reme-

191 4746 383 4802 linitimorum
400 4758 602 4816 episcoporum
624 4746 798 4823 accersitum
813 4741 899 4799 liccat
912 4755 1014 4816 provo·
1068 4748 1150 4803 dium
1161 4765 1178 4803 a
1189 4747 1219 4804 S.
1231 4749 1304 4804 Sede
1315 4749 1446 4805 Romana
1458 4751 1697 4822 exspectandum.
1707 4773 1722 4802 a
1733 4749 1899 4833 Quidquid,

191 4834 257 4874 carc
274 4833 280 4872 :
298 4817 384 4871 modo
400 4832 435 4871 ne
451 4819 517 4887 post
532 4830 651 4870 examen
666 4814 810 4884 habiturn,
823 4811 1014 4886 quoddetlai·
1068 4817 1174 4890 inquit,
1185 4819 1220 4879 ab
1236 4820 1357 4893 AEgypto
1370 4821 1406 4876 ad
1424 4819 1571 4894 illyricum
1587 4839 1682 4894 usque
1695 4822 1899 4894 protendatur,

190 4893 254 4945 tam
272 4885 569 4959 lueritiutegretar.a
805 4955 810 4968 ⁸
950 4956 956 4968 ι
1068 4888 1902 4966 vehementitempestatc,etlluctuumagitationepercal-

227 4954 1014 5029 Hoeigitarmodoimperatoressolemnrdeclaratione
1069 4960 1899 5022 litur...Horumcertemaloramremediumesseunieam

191 5034 219 5086 ot
230 5045 366 5101 expressa
381 5029 443 5101 lege
453 5034 681 5110 recognoverunt
692 5029 744 5110 jus
754 5029 783 5083 in
796 5029 926 5084 Romano
940 5047 1015 5111 pon·
1069 5033 1247 5090 arbitramur
1258 5033 1456 5091 miserationis
1470 5039 1527 5090 tua
1542 5035 1738 5093 visitationem
1749 5028 1900 5092 sollicitu-

189 5101 268 5157 tihce
282 5101 372 5156 situm
384 5101 537 5171 judicandi
550 5100 586 5155 de
597 5115 751 5172 episcopis,
763 5105 792 5155 et
802 5100 1014 5172 provocationis
1069 5104 1259 5176 diuumque...
1272 5106 1311 5161 Do
1323 5105 1580 5173 descendimus,ut
1590 5125 1642 5180 per
1654 5108 1766 5164 litteras
1776 5111 1900 5164 nostras

191 5171 363 5244 recipienda
379 5172 414 5226 ad
431 5189 514 5227 suam
535 5171 723 5243 apostolicam
745 5172 857 5238 sedem;
872 5175 949 5244 quod
962 5174 1014 5244 jus
1070 5173 1284 5246 aliquantalum
1296 5176 1391 5232 solatii
1402 5178 1487 5233 nobis
1497 5178 1765 5248 laceremus,sivos
1776 5177 1899 5234 excitati

192 5247 277 5299 antea
296 5241 393 5324 palam
417 5247 446 5298 ct
470 5242 636 5324 authentice
659 5247 864 5325 recognoverat
886 5245 1016 5301 Ecclesia
1070 5246 1186 5301 tandem
1202 5247 1247 5314 iia,
1264 5247 1356 5304 nostri
1372 5248 1560 5319 susciperetis
1575 5265 1687 5320 euram,
1704 5254 1733 5306 et
1748 5249 1899 5322 quosdam

192 5315 328 5372 universa
342 5331 371 5368 m
388 5315 498 5386 synodo
514 5314 689 5370 Sardrccnsr.
1068 5318 1201 5388 ejusdem
1217 5319 1368 5374 nobiscum
1381 5319 1573 5376 consessionis
1583 5320 1642 5378 huc
1655 5321 1828 5377 mitteretis:
1863 5321 1899 5376 ui

180 5445 188 5464 ,
228 5383 795 5457 Lineall.—llicccnsta'tatamsccitdc
812 5385 941 5440 Ecclesia.
973 5391 976 5406 '
1069 5389 1269 5444 discordantes
1284 5389 1360 5446 inter
1374 5407 1405 5446 sc
1426 5396 1523 5462 partes
1542 5390 1586 5446 vel
1605 5390 1828 5460 conciliare,vel
1841 5337 1900 5448 ici

169 5469 181 5507 r
227 5455 1014 5529 Fanestaquaedamcontagioitainleceratprrecipuas
1068 5458 1213 5516 Ecclesiae
1238 5461 1648 5530 revocarcadamicitiam,et
1671 5463 1809 5520 unionem
1846 5479 1899 5519 os·

149 5544 161 5587 ,¹
191 5527 318 5584 Orientis
346 5527 500 5594 Ecclesiae,
523 5529 556 5581 ut
579 5528 662 5582 sedes
686 5525 1013 5594 Antiochena,Alenan-
1069 5537 1153 5598 sunt;
1170 5531 1214 5586 vel
1229 5531 1332 5587 saltem
1347 5549 1396 5587 cos
1412 5533 1562 5606 propalam
1575 5535 1745 5592 manifestos
1760 5533 1810 5591 red
1833 5551 1898 5605 ere,

190 5598 284 5664 drina,
295 5602 324 5654 ct
334 5597 652 5670 Constratinopolilana
664 5599 765 5652 eodem
780 5602 910 5668 temporo
925 5597 1016 5654 schis-
1069 5601 1119 5675 qui
1137 5601 1334 5658 fluctuationis
1348 5602 1434 5660 istius
1450 5621 1543 5661 causa
1559 5611 1660 5662 erant:
1676 5607 1711 5663 de
1726 5609 1828 5662 cetero
1843 5621 1900 5662 vo-

191 5675 268 5728 mate
278 5669 455 5741 laborarent,
467 5687 525 5744 qno
535 5669 709 5728 turbabatur
720 5667 807 5724 etiam
820 5669 849 5724 io
861 5669 1014 5727 Occidente
1068 5674 1116 5730 bis
1125 5672 1263 5730 omnibus
1274 5674 1385 5746 liquere
1396 5679 1492 5747 queat,
1500 5676 1535 5731 ad
1547 5692 1673 5748 quorum
1684 5679 1806 5740 demum
1816 5691 1902 5735 com-

191 5743 333 5806 Rcmanc.
808 5769 819 5780 ·
1070 5744 1239 5804 munionem
1255 5747 1391 5806 accedere
1406 5746 1543 5810 debeatis.
1558 5769 1574 5804 a
