4098 6186
182 225 221 294 lta
759 229 962 290 ANAs'rASh
984 227 1309 291 lllBlJO'l'HEGAllil.
1843 223 1881 294 3ss

182 383 239 421 nan
260 370 359 420 tamen
375 363 404 418 in
421 363 556 436 dogmate
579 364 614 418 de
639 361 875 432 rebaptizatione,
892 361 1001 432 aitqua,
1017 363 1043 430 Α
1058 363 1224 433 conjecture
1240 363 1374 416 firmatur
1388 377 1422 416 ex
1437 361 1496 418 illis
1509 362 1606 424 verbis
1622 363 1778 437 fragmenti
1794 365 1884 420 Euss-

104 467 112 482 ι
182 436 258 508 quod
284 437 337 492 etsi
359 436 601 502 Constantinam
626 431 847 504 perfidiaraesacii
871 433 1001 504 dogmati
1058 433 1884 509 biani,uhiEusebiusdescribiturinterrogatusaLiberis

182 508 372 576 adhaererent,
390 507 522 564 Liberius
541 504 577 560 ab
596 519 630 558 ea
650 510 711 558 erat
731 502 854 558 alienas.
870 503 910 558 De
925 521 1004 558 cam·
1058 521 1156 559 coram
1167 504 1422 568 Constantio,cum
1432 503 1594 578 aicbatpag
1604 507 1884 564 manumittimus

181 584 280 636 menta
296 577 529 652 rebaptizationis
540 575 569 629 in
584 573 661 629 natis
671 573 756 638 inl'ra,
768 574 884 629 interim
896 592 930 630 ex
941 593 1004 646 pro·
1058 576 1087 630 in
1102 575 1313 645 llourina,quia
1328 575 1427 630 tideles
1443 591 1496 631 nas
1512 576 1637 631 inveniet
1650 577 1793 647 Christus,
1806 579 1885 635 sicut

182 657 263 707 mate
277 650 379 725 lapsus
394 664 482 704 causa
500 646 576 700 initae
599 643 687 701 unius
703 644 920 701 communionis
935 662 1003 700 cum
1058 650 1087 701 et
1098 645 1235 718 baptizati
1246 661 1361 710 sumus,
1373 650 1403 700 et
1412 645 1644 702 benedictionem
1660 663 1748 719 quam
1765 650 1882 706 abente

181 723 298 780 Arianis
316 737 367 794 per
382 718 539 783 Liberium,
551 716 680 788 suspicio
694 720 768 783 arta,
783 719 855 772 Acta
876 717 937 772 haec
951 734 1003 772 seu
1057 716 1784 789 tutiosuscepimustenemus.Liberiusdixitzttos
1795 721 1881 776 cu‘us

203 795 280 850 atius
295 789 409 847 Eusehii
426 791 455 843 et
473 787 575 842 Felicis
610 791 672 842 esta
686 787 730 843 vel
745 787 781 842 ab
804 787 901 860 aliquo
916 788 1003 842 Luci·
1057 789 1209 859 fungimur
1223 788 1304 843 vice?
1317 804 1414 843 nonne
1428 786 1500 844 Julii
1514 787 1668 844 anterioris
1682 789 1792 845 nastril
1802 811 1816 840 ιι
1827 737 1884 848 ilbi

182 812 301 929 Baiana,
318 865 367 916 aut
382 858 569 914 schismatica
586 803 710 913 &remini
726 859 838 914 assecla
850 875 916 916 esse
936 876 1004 915 anu·
1057 864 1156 931 aperte
1178 858 1353 927 ostenditur,
1370 858 1569 914 Luciferianas
1593 859 1817 940 dogmatizasse,
1832 877 1884 934 ρει

182 935 282 991 ιιειιι.
299 928 429 986 Lucilero
451 929 530 984 enim
545 927 710 985 Calaritana
732 930 914 986 occasionem
930 948 1002 1003 pras-
1057 930 1110 986 has
1126 931 1346 986 communiones
1370 929 1530 986 Ecclesiam
1551 929 1701 997 deiecisse,
1719 947 1882 1005 amnesque

181 1003 245 1060 buit
258 1019 289 1058 se
299 1017 329 1056 se
352 1000 453 1055 arandi
467 1001 700 1056 aeammunione
715 1001 893 1073 reliquarum
909 1001 1003 1074 lapso·
1056 1002 1208 1073 episcopos
1222 1007 1254 1057 ut
1269 1001 1501 1073 praevaricatores
1517 1000 1696 1073 reputandas
1710 1019 1784 1070 esse,
1801 1003 1881 1076 ipsas

179 1018 1002 1146 rumindulgentiaqueepiscopisArimiasnsibuslapsis
1055 1089 1122 1128 vero
1138 1073 1285 1128 immunes
1301 1072 1337 1127 ab
1355 1087 1387 1126 ea
1404 1088 1487 1140 noxa,
1500 1071 1570 1144 quia
1584 1089 1601 1127 a
1615 1071 1694 1129 Julia
1707 1076 1879 1144 consecrati,

178 1143 1001 1216 fnitconcessa,praevaricationemquevacabantLucile·
1056 1160 1114 1199 non
1131 1161 1148 1199 a
1163 1143 1291 1210 Liberia;
1308 1143 1386 1199 unde
1409 1147 1509 1200 nostra
1532 1145 1701 1214 conjectura
1724 1145 1881 1204 manifesta

179 1214 252 1270 riani
264 1230 432 1270 concessam
444 1213 691 1271 communionem.
704 1215 769 1271 tiae
783 1215 904 1286 primae
918 1216 1000 1272 Libe·
1055 1214 1292 1287 deprehenditur.
1306 1213 1450 1286 Hiitaqne
1459 1212 1584 1270 Felicem
1598 1213 1703 1288 prima,
1715 1215 1821 1273 deinde
1831 1217 1880 1274 Ur·

177 1287 221 1341 ιιι
233 1285 282 1341 vul
304 1290 371 1341 atur
385 1289 413 1340 et
428 1285 620 1341 confirmatur
643 1286 672 1340 in
696 1303 756 1379 qua
779 1287 1001 1343 confirmations
1056 1286 1182 1343 sisinum
1196 1290 1312 1341 tuentes
1324 1291 1388 1341 ecta
1402 1285 1654 1357 autseripserunt,
1666 1286 1880 1369 autinterpala·

121 1367 124 1378 ’
177 1357 263 1413 tacite
279 1302 479 1412 incrastinum
498 1356 678 1430 perstringit.
696 1357 796 1437 Exstat
809 1358 885 1414 inter
899 1357 1000 1415 Hilarii
1056 1364 1135 1417 runt.
1147 1362 1234 1428 atque
1248 1356 1329 1412 hisce
1340 1355 1474 1414 futilibus
1484 1357 1642 1438 replerunt.
1657 1357 1756 1430 Neque
1771 1376 1879 1416 mirum

177 1429 340 1502 fragmenta
348 1426 567 1499 priorisdecrati
578 1429 719 1500 pontificii
728 1428 797 1484 editi
807 1430 999 1498 confirmatio,
1055 1429 1134 1501 quad
1150 1433 1214 1484 tuta
1234 1427 1296 1484 hasa
1315 1427 1434 1502 vulgare
1459 1432 1616 1500 potuerint,
1633 1444 1700 1484 cum
1725 1445 1778 1511 ρει
1799 1430 1880 1502 ipsas

177 1499 205 1554 in
223 1515 282 1571 qua
300 1498 389 1554 edicit
400 1497 598 1554 Ariminenses
613 1499 674 1556 sedi
691 1500 842 1556 restitutas
849 1505 924 1626 past
937 1501 1001 1556 edi·
1055 1498 1244 1557 circumventi
1257 1499 1449 1572 imperatores
1458 1498 1602 1556 ediderint
1612 1499 1768 1556 lavarnhrle
1779 1501 1880 1558 rescri-

176 1575 237 1626 tam
251 1568 441 1642 ejurationem
454 1569 560 1626 decreti
571 1570 845 1634 Ariminensis,etfi
869 1572 893 1626 ei
906 1572 1001 1627 catha·
1055 1577 1139 1644 ptum
1151 1569 1276 1643 Cynegia
1309 1573 1420 1626 raet'ecto
1451 1569 1880 1637 retoriadatnm,ubisiceas·

176 1641 237 1697 lice
252 1641 475 1714 professionem,
491 1646 521 1723 et
540 1642 622 1696 addit
638 1642 732 1725 (Erag.
750 1643 793 1696 12.
810 1643 881 1768 Eug.
900 1644 998 1712 taem:
1057 1588 1305 1699 demcommenri
1431 1587 1488 1698 ᾖ.
1505 1641 1565 1696 hib.
1581 1642 1657 1710 661.)
1670 1663 1684 1692 a
1699 1643 1810 1698 'lamen
1830 1660 1881 1718 per

176 1737 190 1763 a
203 1713 256 1768 Per
270 1729 358 1796 quam
375 1712 597 1785 professionem,
608 1717 724 1768 etiamsi
735 1713 842 1784 quibua
865 1729 911 1768 am
930 1714 999 1780 leve,
1016 1728 1039 1793 Β
1056 1715 1228 1770 Faustinum
1245 1718 1273 1768 et
1289 1712 1491 1768 Marcellinum
1507 1711 1694 1783 plenissimas
1705 1713 1772 1769 fidei
1787 1731 1883 1772 sacar·

175 1788 204 1840 et
218 1799 375 1839 remissum
390 1783 515 1851 videtur,
533 1788 683 1866 recuperet
698 1785 726 1838 id
746 1785 827 1909 guad
850 1801 902 1856 per
916 1789 997 1858 astu·
1054 1787 1135 1842 dotes
1150 1783 1335 1856 interpellata
1358 1783 1512 1839 clementia
1527 1789 1638 1852 nestra,
1653 1783 1736 1840 veriti
1762 1801 1878 1851 sumus,

174 1857 246 1912 tiam
270 1855 411 1911 rectitatis
435 1855 530 1909 suerat
552 1871 707 1910 amissum.
721 1877 734 1904 a
769 1860 781 1910 t
796 1857 1001 1912 antecedenter
1054 1857 1109 1911 nisi
1126 1873 1176 1928 per
1186 1873 1239 1912 naa
1250 1855 1321 1910 nihil
1334 1855 1439 1910 luisset
1451 1871 1625 1936 responsum
1637 1855 1813 1927 petentibus,
1825 1874 1878 1914 nas

176 1927 322 1982 discretz«
336 1926 393 1981 Nec
417 1925 494 1980 enim
512 1925 535 1980 si
552 1923 589 1980 ali
614 1925 643 1980 ui
660 1927 742 1996 larte,
755 1926 803 2008 qui
830 1927 884 1981 hac
909 1927 998 1983 studii
1052 1929 1220 1983 videremur
1230 1942 1359 1981 annuere
1369 1925 1415 1991 iis,
1423 1926 1473 1998 qui
1485 1925 1586 1980 divine
1598 1924 1721 2009 legi,cui
1734 1929 1877 1984 servimus

175 2001 290 2072 gerant,
302 1941 744 2067 ratianepravisum,iiestruere
760 1999 945 2068 impudenter
958 2015 999 2054 se·
1053 2004 1154 2054 cantra
1198 1997 1359 2068 repositum
1386 2002 1519 2051 nostrum
1545 1995 1654 2068 aliquid
1684 1997 1876 2056 addidissent.

175 2068 279 2125 veriori
295 2083 419 2123 censura
430 2065 485 2122 bae
500 2066 738 2132 existimaverint,
750 2073 778 2122 et
794 2085 909 2133 novare,
921 2071 998 2140 quod
1052 2073 1145 2140 Atque
1155 2015 1227 2123 adeo
1238 2069 1443 2139 itautrumque
1454 2068 1686 2137 moderamur,ut
1695 2069 1876 2142 petitionem,

173 2143 235 2213 jam
252 2157 286 2196 ex
301 2137 461 2211 apostolica
475 2139 645 2194 auctoritate
665 2139 813 2194 munitum
829 2142 874 2194 est
888 2141 923 2194 de
939 2140 998 2212 pie·
1054 2158 1116 2213 qua
1132 2144 1177 2195 est
1192 2138 1299 2206 oblata,
1312 2154 1493 2204 veneremur,
1505 2139 1572 2194 fidei
1583 2143 1680 2194 autem
1692 2137 1766 2196 nibil
1779 2157 1814 2196 en
1829 2159 1879 2198 no·

175 2218 244 2268 tata.
257 2233 271 2260 o
284 2210 395 2266 Recolit
410 2225 477 2281 ergo
500 2209 635 2266 Liberius
650 2211 727 2281 quad
748 2211 810 2282 jam
826 2211 936 2265 lactum
953 2213 997 2285 de·
1053 2216 1113 2267 stra
1127 2210 1249 2266 arbitria
1263 2210 1458 2282 aptemus,vel
1468 2210 1628 2280 jubeamus
1643 2211 1775 2293 adjungi.
1786 2211 1876 2270 Nema

174 2287 345 2353 cretamque
370 2282 519 2347 incantet
542 2286 754 2344 censurateas,
773 2278 822 2353 qui
848 2282 997 2337 decretum
1053 2299 1092 2338 un
1116 2298 1183 2336 uam
1198 2284 1259 2336 tam
1280 2281 1407 2352 prolana
1431 2279 1619 2348 mentisluit,
1636 2297 1770 2354 quicum
1794 2285 1877 2357 sequi

174 2353 383 2417 diremistis-ac,
399 2353 593 2418 erraneam,
629 2369 665 2408 uo
683 2351 879 2408 Luciferianas
895 2353 997 2421 inurit,
1051 2299 1209 2410 catholicas
1238 2353 1370 2408 doctores
1399 2351 1528 2416 deberet,
1545 2351 1614 2424 quid
1639 2354 1822 2425 sequendum
1838 2355 1878 2411 sit

175 2425 235 2498 qui,
247 2428 280 2479 ut
290 2425 329 2479 ibi
341 2422 457 2496 legitur,
470 2421 618 2494 proclama
640 2428 753 2480 antean
764 2439 820 2479 ease
830 2425 999 2494 parcmulam
1052 2425 1221 2481 doctoribus
1236 2423 1300 2495 ipse
1324 2422 1492 2478 constituat.
1509 2423 1543 2476 Et
1566 2439 1636 2478 sane
1660 2425 1831 2496 probabilis,
1848 2431 1877 2482 ct

173 2497 217 2552 his
231 2497 310 2568 qaia
330 2495 366 2550 ad
389 2495 545 2550 Ariminum
565 2497 721 2563 r'paaraates
744 2501 865 2562 caeram.
884 2495 997 2550 Fausti·
1054 2497 1130 2552 ’usta
1143 2494 1272 2550 laudatio
1282 2509 1400 2565 precum
1411 2499 1532 2565 estque
1543 2509 1659 2549 amnem
1672 2511 1761 2568 prope
1771 2497 1875 2553 seriem

174 2584 242 2634 nus,
258 2571 287 2622 et
306 2513 503 2628 ilarcellinus,
520 2565 628 2636 quibus
650 2564 827 2638 astipulatur
841 2566 997 2638 Gregorius
1047 2513 1191 2622 haereticae
1209 2565 1438 2646 superstitionis,
1449 2581 1513 2635 quse
1524 2565 1669 2622 centraria
1683 2572 1729 2622 est
1744 2567 1812 2622 tldci
1827 2585 1875 2623 ce·

1300 1641 1415 1710 enttln

172 2639 333 2765 presbyter,
346 2642 375 2691 ct
390 2637 437 2691 olii
450 2635 997 2693 ValentinianaTbeadasiaetArcadio
1051 2637 1176 2704 thelicae,
1194 2637 1385 2708 ordmemque
1409 2635 1559 2706 complexa
1583 2641 1636 2692 est.
1654 2637 1726 2692 Nam
1747 2643 1776 2693 ct
1799 2639 1876 2694 unde

196 2707 491 2783 ugustrsobtulerunt
502 2705 634 2762 libellum
645 2708 833 2790 precum‚ubi
844 2707 998 2765 Luciferis·
1051 2713 1156 2774 antaei
1169 2724 1227 2779 qua
1242 2712 1360 2762 auctare
1375 2712 1509 2779 provecta
1522 2706 1636 2776 luisset,
1652 2707 1796 2781 aperuit.»
1807 2709 1875 2766 Gre-

173 2797 276 2836 aarum
292 2795 411 2835 causam
431 2782 551 2834 tuantur
564 2783 592 2834 et
606 2795 758 2852 episcopas
773 2795 890 2850 quaqua
909 2780 996 2836 modo
1050 2780 1150 2907 gorius
1174 2794 1270 2850 parra,
1286 2778 1336 2904 qui
1362 2783 1463 2860 auctor
1486 2782 1531 2834 est
1544 2776 1616 2834 Vitae
1639 2779 1767 2848 Eusebii,
1788 2785 1822 2835 nt
1844 2781 1874 2836 in

170 2851 287 2908 Arianis
302 2850 552 2908 communicantes
568 2849 620 2922 (uti
640 2867 703 2907 esse
723 2851 902 2922 putabantur
921 2849 995 2924 lapsi
1063 2855 1214 2925 regmenta
1235 2849 1295 2904 lau.
1307 2853 1354 2904 ata
1370 2865 1398 2903 m
1415 2849 1494 2904 calce
1517 2853 1642 2904 testatur
1665 2849 1739 2922 ipse,
1753 2855 1826 2917 erat,
1842 2856 1874 2908 nt

172 2923 299 2996 episcopi
310 2922 518 2992 Ariminenses)
530 2920 697 2978 adulteratae
707 2921 837 2978 veritatis
848 2921 995 2978 catholicae
1049 2939 1123 2990 rear,
1136 2922 1184 2977 ille
1195 2922 1243 2992 qui
1255 2921 1285 2976 in
1296 2918 1395 2976 libella
1408 2935 1526 2992 precum
1540 2920 1763 2977 aschismaticis
1772 2921 1874 2979 lauda·

172 2994 393 3060 insimulant,et
403 3008 528 3074 peream
539 2991 753 3066 indulgentiam
763 2991 921 3048 Ecclesiam
933 2993 996 3048 uni·
1047 2998 1111 3062 tur;
1123 3010 1159 3049 an
1174 2993 1212 3049 sit
1227 2993 1275 3048 ille
1290 2991 1339 3063 qai
1350 2991 1465 3047 Geticus
1480 2991 1585 3046 deinde
1595 2992 1690 3048 lactes
1706 2993 1873 3075 episcopus,

169 3082 282 3121 versam
296 3067 514 3137 praevaricatam
530 3079 594 3119 essa
613 3065 751 3120 audacter
766 3067 909 3131 asserunt,
922 3080 993 3135 pau·
1009 3095 1031 3160 c
1048 3065 1125 3120 inter
1135 3063 1259 3120 Lucit'eri
1270 3061 1398 3119 asseclas
1408 3067 1585 3126 recensetur,
1594 3067 1639 3118 eat
1649 3062 1770 3118 alter-ros
1783 3065 1875 3126 disce·

170 3153 279 3210 casque
294 3152 360 3190 cum
384 3133 515 3190 Lucifero
539 3135 662 3190 retinere
690 3134 756 3190 lidei
782 3135 948 3206 puritatem,
965 3141 994 3192 at
1049 3135 1188 3208 ptatianis
1203 3135 1294 3190 lacus.
1312 3133 1430 3190 Interim
1447 3134 1519 3188 satis
1537 3133 1592 3188 crit
1611 3138 1781 3202 notassem
1795 3135 1875 3191 hisae

172 3206 260 3263 simul
283 3208 433 3262 affirmant
448 3210 592 3278 quotquot
614 3205 852 3278 subscripserunt
874 3207 994 3262 Ariana·
1049 3206 1303 3263 schismaticorum
1319 3204 1592 3260 libelliscanllatam
1604 3204 1756 3261 historiam
1773 3209 1802 3261 st
1817 3206 1877 3280 lnp-

172 3295 237 3334 rnm
249 3276 363 3350 placitis
374 3276 608 3349 prevaricatores
620 3294 684 3334 osse
695 3277 846 3332 habendas
861 3281 942 3345 (tam.
958 3278 992 3350 V,
1049 3295 1123 3334 sum*
1132 3277 1248 3340 hiberii,
1265 3275 1391 3332 traducti
1402 3279 1435 3330 nt
1445 3275 1674 3348 praevaricatoris
1685 3293 1872 3349 percammu·

171 3348 242 3405 bibl.
254 3350 299 3416 81,
313 3365 380 3422 pag.
391 3349 467 3416 ast.)
482 3348 525 3403 lta
539 3347 617 3404 enim
632 3347 780 3421 propriam
796 3352 824 3403 et
838 3347 994 3405 catholico·
1048 3349 1166 3405 aionem
1190 3348 1293 3403 initam
1320 3363 1387 3402 oum
1404 3347 1525 3412 Arianis,
1542 3362 1668 3418 quarum
1691 3352 1807 3404 tantum
1829 3365 1875 3405 re-

169 3437 235 3476 rum
251 3424 362 3492 partem
383 3418 563 3475 describunt.
576 3442 590 3469 a
602 3419 714 3475 interea
729 3419 798 3492 quia
812 3420 889 3491 apud
906 3438 993 3492 quas·
1048 3419 1272 3494 baptizationem
1288 3418 1398 3490 rejecit.
1412 3421 1450 3472 An
1464 3417 1663 3490 perioJ'uriam
1679 3418 1791 3475 Liberia
1802 3436 1873 3492 pan-

169 3492 237 3547 dam
254 3490 412 3546 multituda
427 3489 779 3563 praeponiturvaritati,eo
795 3491 871 3562 quad
887 3507 994 3563 paucu-
1047 3493 1117 3547 littei
1129 3491 1300 3564 impositum
1310 3491 1387 3561 quod
1399 3488 1735 3546 communicaveritcum
1747 3490 1871 3559 Arianis,

168 3562 213 3620 los
228 3563 511 3622 halieatsectatarca
525 3566 554 3617 et
568 3563 604 3617 ah
621 3561 675 3617 hac
690 3561 857 3634 affligimur,
870 3563 946 3634 qood
963 3564 991 3619 in
1047 3562 1163 3619 videndi
1180 3561 1230 3634 qui
1254 3577 1373 3617 censam
1396 3559 1471 3616 hanc
1487 3576 1521 3615 ex
1536 3561 1665 3632 professo
1685 3565 1871 3618 retractatam

168 3634 270 3706 paucis
281 3633 434 3706 sequimur
443 3631 638 3688 inviolabilem
651 3634 749 3698 tidem,
761 3638 789 3687 et
801 3632 910 3688 multos
921 3635 992 3690 vita·
1048 3635 1201 3690 dederunt.
1688 3671 1690 3674 -

169 3722 237 3761 mus
249 3710 368 3778 propter
377 3702 484 3785 impias
500 3703 634 3770 haereses,
646 3709 674 3759 et
685 3703 843 3776 sacrilegas
859 3706 992 3777 praevari-
1083 3704 1172 3760 Linea
1184 3703 1228 3758 10.
1240 3733 1272 3743 -
1286 3700 1529 3758 Eatraseaandum
1542 3703 1714 3774 baptismum.
1726 3701 1874 3759 Schisma·

169 3781 299 3832 catarum
316 3774 634 3847 subscriptioneaqnid
646 3775 771 3832 censetis
782 3775 811 3830 in
828 3775 882 3830 hec
893 3793 991 3843 cause,
1047 3775 1096 3831 tici
1111 3775 1141 3830 in
1157 3775 1223 3830 Vita
1238 3774 1339 3829 Felicis
1355 3773 1441 3846 primi
1455 3774 1494 3844 (et
1508 3773 1673 3846 singulares
1687 3779 1757 3829 sunt
1771 3773 1801 3830 in
1818 3773 1873 3832 hac

169 3845 358 3919 ajustissimi
371 3843 839 3917 imperatores',stcathalicaefidei
851 3847 991 3912 vindices,
1048 3847 1224 3914 narratione)
1240 3845 1360 3900 Arianos
1382 3843 1486 3900 Liberii
1510 3849 1640 3916 tempore
1664 3845 1781 3918 fingunt
1805 3862 1872 3918 ριο-

168 3919 203 3974 de
218 3917 266 3974 his
276 3917 391 3972 duabus
407 3916 540 3988 partibus
551 3917 596 3972 cui
611 3916 756 3973 calculum
767 3917 865 3973 datis‘l
877 3918 939 3974 Una
948 3925 994 3975 est
1047 3916 1340 3975 mavisscseaundum
1350 3915 1649 3988 baptismum,ncmpe
1659 3915 1872 3988 rebaptizantes

167 4005 236 4074 pers
249 3989 279 4044 in
290 4004 349 4060 qua
359 3993 429 4043 sunt
443 3989 527 4044 multi
539 3989 667 4060 episcopi
680 4005 686 4042 :
700 3988 812 4044 sedebi
827 3993 896 4045 sunt
906 3989 992 4045 multi
1046 4006 1106 4056 eas,
1122 3989 1172 4062 qui
1188 4005 1222 4043 ex
1236 3985 1387 4042 catholicis
1402 3987 1438 4042 ad
1454 3985 1572 4043 illarum
1589 3990 1685 4043 eastra
1699 4003 1806 4043 namen
1822 3988 1874 4044 de·

167 4059 226 4116 iilic
241 4075 293 4132 per
307 4059 571 4132 praevaricationem
587 4077 670 4116 sacra
680 4060 785 4116 Christi
801 4061 873 4116 lidos
886 4059 993 4117 vialata
1047 4061 1128 4117 bant.
1144 4059 1269 4128 Etenim,
1295 4075 1348 4114 nec
1372 4057 1558 4125 Athanasius,
1581 4075 1634 4114 nea
1659 4056 1798 4130 Hilarius,
1819 4073 1871 4114 nce

166 4135 212 4187 est
227 4147 343 4204 semper
357 4135 424 4187 ante
443 4131 573 4199 defensa,
590 4131 650 4186 illic
673 4135 752 4187 metu
769 4129 852 4204 logis,
867 4131 926 4187 Arii
943 4149 991 4188 su·
1047 4130 1126 4188 nllus
1141 4146 1175 4186 ex
1190 4129 1265 4198 aliis,
1278 4129 1326 4202 qui
1349 4145 1382 4183 ex
1407 4129 1536 4200 professa
1559 4143 1673 4185 errares
1697 4130 1869 4185 Asianorum

167 4207 266 4274 scepta
281 4201 418 4285 impietas
428 4206 482 4268 est,
494 4219 610 4276 semper
625 4207 692 4259 ante
702 4203 851 4259 damnata.
864 4202 909 4259 Uti
926 4221 992 4261 vera
1046 4203 1237 4276 descripsere,
1249 4202 1366 4256 eosdem
1382 4198 1535 4256 insimulat
1546 4199 1580 4254 de
1596 4203 1731 4271 promota
1744 4199 1871 4272 rebapti-

166 4273 336 4346 paueissimr
355 4277 433 4342 sunt,
446 4273 506 4330 illic
522 4291 573 4346 par
587 4274 697 4341 exsilia,
710 4275 929 4346 percruciatus,
941 4293 992 4348 pcr
1045 4275 1168 4330 natione.
1187 4273 1302 4329 Primus
1322 4271 1373 4343 qui
1397 4270 1473 4327 inter
1496 4271 1616 4328 Arianos
1639 4287 1766 4328 errarem
1792 4270 1871 4327 buna

166 4345 336 4401 effusionem
349 4344 512 4418 sanguinis,
525 4362 576 4418 Per
587 4345 681 4418 ipsam
694 4351 817 4402 mortem
830 4346 903 4402 fides
913 4347 993 4402 Chri-
1045 4345 1206 4418 divulgavit
1230 4344 1285 4399 luit
1309 4341 1470 4406 Eunonius,
1486 4341 1647 4414 etquidem
1673 4345 1739 4414 pest
1763 4341 1870 4398 Liberii

165 4417 202 4472 sti
218 4417 383 4472 vindicatur
398 4422 427 4471 et
441 4418 501 4472 Arii
515 4417 653 4488 impietas
668 4421 697 4471 et
711 4417 808 4471 amnis
824 4415 942 4472 haeresis
959 4423 992 4472 ut
1046 4417 1169 4478 abitum,
1180 4413 1228 4485 qui
1240 4431 1273 4469 ex
1283 4413 1349 4469 adia
1359 4413 1388 4468 in
1402 4413 1519 4468 Arianos
1530 4412 1771 4485 priareaotsemi
1788 4413 1871 4468 Aria-

166 4502 317 4542 summum
334 4485 444 4541 mulum
458 4486 649 4542 exsecrabiles
661 4491 740 4540 sunt.
756 4508 768 4536 ιι
781 4485 991 4542 Discriminant
1007 4463 1030 4524 D
1047 4503 1100 4541 nos
1115 4491 1204 4556 caput
1218 4489 1246 4560 et
1260 4487 1318 4539 dux
1338 4485 1431 4540 lactus
1451 4500 1563 4550 earam,
1579 4485 1628 4556 qui
1651 4482 1872 4541 dissimilitudi—

165 4554 265 4626 itaque
279 4557 334 4610 has
349 4555 398 4626 qui
424 4561 507 4611 crant
529 4557 679 4626 nullificari
691 4557 786 4610 aierito
807 4556 932 4624 lroereaia,
948 4559 991 4612 ael
1045 4573 1113 4611 nem
1128 4557 1159 4611 in
1184 4555 1312 4611 essentia
1326 4555 1411 4610 Verbi
1431 4572 1498 4610 cam
1523 4555 1606 4611 Patre
1621 4555 1869 4628 dogmatizabant,

164 4627 446 4696 praeparation-icet
476 4627 799 4681 ravarieataresamnes
810 4642 859 4680 eas
870 4625 989 4694 hahent,
1046 4633 1114 4699 past
1130 4643 1241 4684 annam
1261 4628 1325 4692 380,
1336 4627 1495 4682 universim
1511 4627 1656 4698 promovit
1670 4625 1871 4700 rebaptizatio-

165 4694 216 4767 qui
233 4695 286 4751 etsi
303 4695 437 4750 haeresim
452 4645 590 4752 irionem
601 4713 658 4751 nan
672 4695 928 4768 amplecterentur,
946 4699 989 4754 ni·
1045 4715 1123 4768 nem,
1140 4703 1169 4754 ct
1190 4697 1435 4754 reordinationem
1449 4697 1592 4766 omnium,
1604 4696 1655 4770 qui
1680 4697 1740 4754 sive
1754 4714 1789 4754 ex
1803 4697 1869 4753 reli-

166 4765 329 4822 hilominus
344 4783 460 4838 quaqua
476 4767 563 4822 modo
579 4784 646 4823 cum
661 4767 776 4824 Arianis
792 4769 989 4826 communica·
1043 4769 1128 4842 glane
1144 4769 1297 4832 catholica,
1309 4769 1369 4825 sive
1383 4786 1416 4824 ex
1432 4768 1498 4825 aliis
1514 4768 1601 4825 scotis
1615 4769 1652 4825 ad
1667 4767 1768 4841 ipsum
1783 4769 1869 4826 adve-

166 4837 249 4893 hant.
262 4837 295 4892 lli
311 4837 410 4908 itaque
425 4839 526 4894 atleosi
541 4838 665 4903 Liber-ia,
678 4855 765 4908 quem
777 4843 925 4895 auctorem
942 4840 990 4897 ha·
1044 4842 1173 4897 aiebant.
1188 4840 1232 4895 lta
1247 4845 1411 4896 constater
1427 4838 1571 4896 Philostar
1594 4839 1629 4908 ἐ,
1646 4839 1696 4912 qui
1711 4839 1869 4897 Eunomia-

165 4907 273 4964 hebant
292 4909 489 4964 deruentionis
515 4909 774 4975 Luciferianarsm,
787 4911 990 4968 continuerunt
1044 4929 1148 4967 narum
1170 4912 1226 4968 sub
1242 4912 1403 4968 Theodosio
1428 4915 1510 4983 gesta
1533 4929 1564 4967 ιε
1578 4928 1661 4967 ιιειιι
1685 4911 1788 4968 scribit
1802 4909 1823 4966 l.
1838 4928 1867 4978 x,

166 4979 314 5034 Liberium
324 4995 391 5034 cum
401 4980 517 5036 Arianis
532 4981 775 5048 communicasse,
787 4985 815 5035 et
825 4983 940 5038 tantum
952 4984 988 5039 ab
1044 4999 1069 5039 a.
1083 4982 1136 5055 ht
1152 4985 1203 5039 136
1215 4998 1240 5037 z«
1256 4983 1453 5038 Eunomianos
1469 4983 1540 5039 adca
1555 4999 1573 5038 a
1586 4981 1733 5054 predictis
1748 4983 1868 5039 beresi-

164 5052 206 5106 eis
217 5049 426 5118 discriminant
437 5053 514 5124 quod
526 5053 633 5124 dogma
643 5053 678 5106 de
689 5052 915 5124 rebaptizatione
930 5071 988 5110 non
1043 5056 1099 5112 bus
1115 5041 1178 5110 sese
1193 5054 1350 5110 secrevisse
1365 5058 1399 5109 ut
1417 5070 1511 5126 neque
1527 5055 1566 5109 ba
1586 5053 1675 5110 tisma
1688 5069 1802 5122 eorum,
1818 5069 1868 5110 ne·

164 5122 988 5208 tueretur‚utsicostendcrentLiberiumindignumpan-
1043 5143 1099 5199 quc
1115 5125 1328 5182 ordinationem
1344 5123 1559 5181 admitterent.»
1597 5123 1870 5182 incetsahismnti·
1972 5159 1977 5171 ·

164 5192 381 5263 tifiaem‚sicuti
398 5198 427 5250 et
441 5194 600 5250 Damasum
621 5210 830 5262 successorem,
864 5213 930 5252 nem
945 5216 987 5253 vr·
1043 5215 1144 5254 aarum
1159 5195 1342 5252 mendacium
1360 5194 1870 5267 manifestatur;etundeortsejus·

165 5265 277 5320 carium
294 5281 379 5321 suum
398 5265 588 5322 constituerat
601 5265 732 5322 Liberius
747 5266 776 5323 in
793 5213 926 5323 exsiiium
942 5269 988 5325 ds·
1043 5271 1108 5324 dem
1124 5269 1205 5338 origo
1223 5284 1229 5322 :
1246 5267 1394 5339 simulque
1409 5267 1550 5339 probatur
1563 5266 1748 5340 interpolatio
1762 5267 1870 5324 horum

164 5337 336 5408 portandus,
352 5341 385 5393 ut
399 5337 453 5394 bac
473 5341 557 5411 pacta
571 5343 779 5464 promoverent
798 5355 916 5395 causam
933 5339 987 5396 Ur·
1042 5344 1202 5414 gestorum.

164 5407 259 5476 sicini,
271 5424 358 5480 quem
372 5425 473 5465 verum
489 5409 567 5481 ponti
581 5426 654 5465 icem
670 5410 825 5466 habebant.
837 5412 987 5476 Quomodo
1078 5410 1167 5466 Linea
1182 5411 1271 5465 ta-
1287 5410 1428 5466 Revocavit
1452 5410 1594 5466 Liberium
1616 5408 1650 5466 de
1671 5409 1823 5468 aaeaoeoeria
1837 5405 1867 5463 S.

165 5479 200 5533 ad
217 5495 303 5534 suum
321 5479 539 5552 phantasticum
551 5481 715 5537 Romanum
728 5483 886 5552 primatum
898 5483 988 5539 vindi·
1050 5484 1167 5551 spartis.
1181 5481 1245 5536 Hac
1256 5479 1450 5536 desumuntur
1458 5499 1493 5536 ex
1505 5480 1587 5539 Actis
1597 5480 1713 5550 Felicis,
1724 5483 1754 5537 et
1766 5476 1869 5553 paucis

164 5551 290 5605 eandum
303 5551 459 5608 Donatista
470 5552 634 5608 conllnxere
646 5551 803 5608 Marcellini
816 5553 942 5625 lapsum,
955 5559 988 5610 ut
1042 5553 1146 5610 litteris
1175 5551 1297 5607 mutatis
1327 5551 1375 5608 bic
1403 5553 1612 5610 inserunture
1634 5551 1870 5610 consarcinatore

165 5619 336 5679 Melchiadis
355 5623 510 5695 praeeipne,
527 5628 556 5679 et
571 5623 700 5680 Silvestri
726 5623 754 5678 in
779 5625 896 5680 easdem
912 5625 987 5681 latas
1040 5625 1112 5679 Vite
1127 5621 1245 5679 Liberii.

98 5723 101 5732 .
164 5693 324 5750 sententias
348 5694 540 5750 infirmarent.
566 5697 595 5750 et
618 5711 718 5750 verum
743 5694 886 5750 cathedrae
911 5695 987 5751 Petri
1077 5693 1591 5766 Linea18.-laqraasaallamamiai
1623 5689 1873 5768 aherasccitdam·

159 5765 986 5837 successoremostenderentVietoremGarbiensem.Que
1040 5769 1160 5826 amatim
1178 5765 1372 5826 amitinae
1394 5771 1525 5826 revocata
1549 5711 1664 5828 Ligeia
1677 5761 1874 5828 causandas
