4048 6174
140 217 215 283 {093
485 217 669 283 HIS'l'ORlA
691 212 742 281 oh
763 213 865 284 tlrts
888 212 982 282 nott.
1007 217 1121 282 PON'F.
1138 251 1177 265 -—
1191 218 1424 287 STEPHANUS
1446 220 1484 286 ll.
1756 218 1834 287 lost

214 371 272 415 suo
302 366 374 416 cum
403 369 519 432 magna
544 351 723 414 humilitate
753 357 844 414 terra
872 357 1062 436 prostratus,
1092 372 1156 414 una
1185 371 1255 415 cum
1286 372 1343 416 sua
1381 352 1527 436 conjuga,
1555 353 1613 417 lilii
1639 359 1671 418 ot
1698 355 1834 436 optima-

214 460 309 534 tibus,
340 459 486 522 eumdem
516 459 747 521 sanctissimum
777 477 893 541 papam
922 460 1069 542 suscepit.
1100 460 1156 522 Cui
1183 466 1215 523 et
1242 459 1453 522 nicostratoris
1482 480 1581 543 usque
1616 462 1649 523 iu
1686 461 1835 542 aliquan-

213 573 281 630 tum
311 548 415 629 locum
439 565 535 646 juxta
562 565 630 646 ejus
655 566 800 629 sellarem
830 567 1022 648 properauit.
1051 570 1139 630 Tunc
1160 567 1329 649 predictus
1357 567 1511 631 almificus
1547 569 1595 632 vir
1629 587 1700 631 cum
1729 567 1833 631 omni·

153 677 192 738 l0
214 677 270 737 bus
297 674 361 736 suis
387 679 516 736 extensa
545 672 586 755 (o)
616 691 693 736 voce
721 673 854 754 gloriam
892 677 924 735 et
959 673 1162 737 incessabiles
1198 674 1308 736 laudes
1345 673 1555 756 omnipotenti
1592 678 1656 738 Deo
1695 675 1834 738 reterens

213 799 284 845 cum
314 779 442 861 hymnis
470 785 502 842 et
528 779 658 842 canticis
686 779 902 862 spiritualibus
940 799 1041 862 usque
1078 780 1119 843 ad
1154 781 1323 862 praelatum
1360 780 1514 862 palatium
1552 782 1671 862 pariter
1705 787 1736 844 et
1763 801 1834 846 cum

212 907 286 970 rega
314 906 424 951 omues
451 886 585 968 proiecti
612 892 695 962 sunt,
722 891 811 950 sexta
837 887 980 950 ianuarii
1007 889 1124 951 mensis
1161 887 1212 950 die
1248 887 1282 950 in
1308 887 1524 970 Apparitionls
1551 888 1679 950 Domini
1706 895 1737 950 et
1765 889 1836 952 Sal-

213 995 330 1059 vatoris
366 994 467 1058 nostri
492 996 567 1059 lesu
593 993 707 1056 Christi
735 994 945 1058 sacratissima
983 995 1196 1070 solemnitate,
1236 993 1343 1076 ibique
1381 995 1467 1056 intua
1505 994 1680 1058 oratorium
1718 994 1836 1076 pariter

212 1101 429 1177 consedentes,
461 1119 536 1162 mox
562 1101 645 1163 idem
674 1100 873 1163 beatissimus
902 1119 985 1182 papa
1012 1100 1200 1182 predictum
1227 1100 1529 1164 christianissimum
1558 1120 1664 1181 regem
1685 1101 1838 1182 lacryma·

153 1214 191 1274 {5
213 1209 319 1271 biliter
346 1209 532 1292 deprecatus
558 1213 606 1270 est
632 1211 668 1269 ut
695 1227 752 1289 per
779 1207 865 1288 pacis
892 1207 1014 1270 foedera
1040 1225 1167 1270 caussam
1197 1207 1283 1270 beati
1310 1207 1395 1270 Petri
1416 1213 1448 1270 et
1468 1209 1660 1290 Reipublicoe
1682 1210 1838 1272 Romano·

212 1336 283 1378 rum
305 1316 497 1398 disponeret.
521 1315 581 1390 Oui
600 1314 640 1377 de
660 1315 809 1396 praesenti
826 1313 1035 1395 jurejurando
1058 1315 1160 1377 eidem
1182 1313 1364 1377 beatissimo
1385 1333 1476 1396 papae
1507 1316 1667 1390 satisfecit,
1690 1315 1838 1378 omnibus

211 1423 370 1486 mandatis
391 1421 460 1502 ejus
481 1427 513 1484 et
533 1421 802 1484 admonitionibus
823 1439 890 1484 sese
913 1421 986 1484 totis
1008 1421 1128 1483 nisibus
1151 1419 1190 1503 (b)
1214 1421 1355 1497 obedire,
1378 1426 1409 1484 et
1430 1427 1465 1484 ut
1484 1421 1532 1484 illi
1553 1413 1705 1504 placitum
1729 1421 1836 1499 luerit,

213 1527 420 1594 exarchatum
443 1531 601 1591 Ravenna
623 1533 656 1590 et
676 1527 869 1609 Reipublicae
887 1526 963 1607 jura
983 1547 1040 1590 seu
1060 1528 1131 1590 loca
1152 1527 1283 1590 reddere
1304 1527 1406 1591 modis
1436 1528 1583 1590 omnihus
1607 1528 1658 1610 (ι).
1680 1529 1742 1591 Sed
1763 1527 1839 1610 quia

214 1643 339 1719 tempus
359 1635 547 1698 imminebat
567 1634 703 1698 hiemale
725 1634 871 1697 eumdem
893 1633 1123 1698 sanctissimum
1145 1651 1262 1716 papam
1284 1653 1356 1697 cum
1378 1634 1443 1696 suis
1464 1635 1611 1697 omnibus
1636 1635 1773 1698 Parisios
1793 1631 1836 1716 (d)

150 1745 191 1807 20
212 1745 298 1825 apud
319 1741 501 1807 venerabile
522 1742 748 1805 monasterium
768 1741 853 1805 beati
873 1742 1014 1824 Dionysii
1036 1742 1076 1804 ad
1098 1741 1305 1804 habitandum
1328 1740 1365 1824 (e)
1387 1760 1518 1823 pergere
1543 1743 1675 1804 curarit.

254 1886 336 1941 m
359 1879 426 1952 Quo
449 1882 576 1958 peracto
598 1881 630 1939 et
650 1895 687 1940 ec
708 1877 741 1938 in
763 1876 874 1939 eodem
895 1874 1068 1939 venerabili
1090 1875 1282 1938 monasterio
1303 1894 1376 1938 cum
1394 1874 1462 1957 jam
1484 1877 1549 1940 lato
1571 1875 1839 1939 Christianissimo

212 1985 347 2068 Pippino
369 1983 583 2064 conjungente
604 1982 648 2066 (f)
668 1983 803 2046 Domino
825 1988 994 2058 annuente,
1019 1981 1061 2064 (p)
1083 1987 1156 2064 post
1176 1982 1358 2064 aliquantos
1383 1983 1450 2045 dies
1479 1983 1579 2045 isdem
1610 1981 1839 2045 christianissi-

214 2111 284 2154 mus
305 2091 458 2174 Pippinus
480 2109 535 2153 rex
557 2092 597 2152 ab
619 2090 729 2153 ecdem
751 2089 949 2152 sanctissimo
972 2107 1055 2171 papa
1076 2088 1190 2152 Christi
1211 2089 1408 2170 gratianum
1430 2089 1556 2152 duobus
1576 2089 1651 2152 liliis
1665 2091 1729 2153 suis
1750 2107 1840 2171 reges
1952 2153 1956 2166 ,

214 2198 302 2261 uncti
322 2203 397 2260 suot
417 2201 624 2261 Francorum.
654 2197 768 2258 Postea
796 2214 871 2258 vero
897 2195 1097 2257 beatissimus
1119 2213 1203 2276 papa
1234 2215 1299 2276 prae
1331 2195 1429 2258 nimio
1456 2195 1563 2259 labore
1594 2196 1717 2259 itineris
1745 2203 1840 2277 atque

172 2305 366 2388 5temporis
387 2305 604 2386 inaequalitate
625 2303 750 2366 fortiter
769 2301 947 2364 inllrmatus
967 2307 1026 2378 est,
1050 2307 1086 2365 ut
1117 2302 1212 2364 etiam
1243 2321 1353 2364 omnes
1384 2307 1448 2364 tam
1477 2303 1527 2364 sui
1556 2323 1715 2386 quamque
1745 2305 1840 2368 elium

214 2416 408 2475 Francorum
429 2411 548 2473 ibidem
569 2409 771 2472 existentium
793 2427 902 2470 omnes
924 2428 996 2471 eum
1018 2409 1223 2491 desperarent
1244 2408 1297 2491 (ir).
1321 2409 1381 2472 Sed
1404 2409 1531 2474 Domini
1551 2411 1608 2472 Dei
1629 2412 1729 2475 nostri
1758 2412 1840 2475 inei-

214 2519 319 2582 labilis
340 2519 518 2593 clementia,
542 2517 596 2598 qui
618 2537 681 2594 pon
703 2516 819 2579 deserit
840 2521 1002 2598 sperantes
1023 2516 1054 2576 in
1077 2534 1122 2593 se,
1145 2515 1266 2577 salvum
1295 2516 1427 2596 cupiens
1456 2516 1608 2579 domnum
1639 2518 1839 2582 Christianis-

217 2629 343 2704 simum,
366 2626 439 2687 dum
463 2644 533 2687 curn
555 2623 592 2706 (cl
614 2643 706 2686 mane
729 2628 886 2684 mortuum
910 2623 1050 2684 invenire
1073 2621 1255 2702 sperabant,
1278 2623 1382 2683 subito
1404 2623 1466 2685 alio
1495 2623 1545 2684 die
1576 2643 1672 2686 sanus
1698 2632 1841 2706 repertus

216 2741 274 2798 est.
296 2733 451 2815 Pippinus
471 2751 544 2794 vero
567 2749 621 2792 rex
642 2749 713 2792 cum
736 2729 962 2802 admonitione,
985 2727 1088 2808 gratia
1108 2734 1140 2790 et
1168 2722 1310 2791 ora'tione
1339 2728 1437 2809 ipsius
1466 2730 1655 2792 venerahilis
1683 2731 1841 2812 pontificis

155 2847 196 2908 ro
217 2841 392 2913 absolutus,
415 2839 448 2902 in
470 2839 539 2901 loco
561 2837 602 2920 (J)
625 2837 679 2919 qui
699 2835 874 2899 (barisiacus
895 2835 940 2918 (lc)
959 2835 1149 2917 appellatur,
1172 2853 1318 2915 pergens,
1343 2835 1451 2917 ibique
1481 2855 1679 2918 congregans
1709 2843 1841 2902 cunctos

216 2965 364 3031 proceres
386 2946 481 3026 regiae
502 2963 567 3007 suae
589 2943 763 3026 potestatis,
789 2947 820 3004 et
841 2960 895 3004 eos
916 2941 997 3003 tanti
1018 2940 1121 3004 Patris
1142 2941 1358 3004 admonitione
1377 2943 1533 3020 imbuens,
1557 2944 1667 3008 statuit
1695 2963 1766 3007 cum
1797 2945 1842 3008 eis

218 3073 289 3137 quae
311 3053 418 3128 semel,
442 3052 566 3114 onusto
587 3052 725 3129 favente,
748 3068 812 3112 una
832 3067 905 3112 oum
927 3047 1037 3111 eodem
1058 3048 1241 3112 beatissimo
1264 3067 1348 3131 papa
1376 3051 1568 3128 decreverat,
1596 3052 1759 3134 perlicere.

258 3195 342 3252 m
365 3187 491 3250 Interea
511 3183 754 3248 nefandissimus
782 3182 934 3245 aistulfus
961 3183 1239 3257 carolomannum,
1267 3183 1397 3246 tratrem
1420 3183 1454 3266 (l)
1476 3184 1695 3267 benignissimi
1715 3189 1844 3272 Pippini

217 3295 300 3376 regis
320 3313 340 3356 a
362 3291 552 3356 monasterio
573 3289 659 3354 beati
679 3289 851 3364 Benedicti,
874 3289 908 3351 in
930 3306 993 3370 quo
1015 3288 1127 3352 devote
1157 3307 1213 3372 per
1240 3290 1418 3353 revolutum
1444 3293 1594 3374 temporis
1614 3294 1751 3376 spatium
1774 3316 1841 3360 mo-

217 3400 349 3465 nachice
372 3398 423 3482 (ιιι)
445 3398 591 3478 degebat,
615 3395 779 3459 diabolicis
799 3395 829 3459 ai
849 3395 1048 3460 suasionibus
1070 3395 1207 3458 suadens
1228 3396 1394 3459 Franciam
1425 3398 1619 3479 provinciam
1650 3403 1691 3464 ad
1719 3403 1843 3467 obicen·

218 3510 295 3572 dum
318 3507 362 3590 (n)
382 3511 479 3588 atque
500 3505 732 3568 aduersandum
753 3521 857 3566 causae
878 3502 1104 3584 redemptionis
1133 3508 1252 3566 sanctae
1274 3503 1331 3566 Dei
1350 3504 1498 3568 Ecclesia
1519 3507 1711 3589 Reipublicae
1732 3511 1844 3574 Roma

174 3622 195 3680 5
218 3635 344 3692 norum,
374 3613 500 3676 direxit.
523 3615 668 3694 Dumque
695 3611 771 3674 illuc
792 3609 1008 3691 conjunxisset
1037 3609 1089 3693 (o),
1112 3609 1274 3673 nitebatur
1288 3611 1423 3674 omniuo
1450 3617 1481 3676 et
1501 3612 1719 3679 uehementius
1740 3617 1846 3690 desert

219 3723 307 3785 tebat
336 3725 453 3783 sancta
480 3719 538 3782 Dei
572 3717 719 3781 Doclesiae
757 3736 885 3781 cansam
924 3716 1117 3792 subvertere,
1142 3715 1237 3796 juxta
1278 3717 1364 3798 qnod
1395 3737 1414 3780 a
1448 3721 1581 3801 praelato
1617 3743 1676 3786 nec
1710 3724 1843 3790 dicendo

219 3827 353 3890 distulio
385 3834 521 3907 tyranno
549 3827 654 3887 fuerat
679 3823 830 3886 directus.
860 3823 923 3886 Sed
950 3823 1144 3905 propitiante
1172 3822 1307 3885 Domino
1334 3824 1464 3888 minime
1491 3827 1591 3889 valuit
1626 3830 1674 3891 sui
1700 3834 1844 3911 germani

220 3932 479 3998 christianissimi
504 3931 631 4014 Pippini
658 3929 741 4011 regis
768 3931 962 3992 Francorum
990 3929 1024 3991 in
1052 3928 1113 3991 hoc
1136 3929 1306 3992 tirmissum
1329 3949 1385 3993 cor
1406 3932 1569 4009 inclinare,
1594 3936 1703 3998 Potius
1722 3944 1841 4018 autem,

153 4047 197 4107 10
220 4045 383 4122 comperta
403 4038 588 4121 nequissimi
615 4037 739 4100 aistulfi
769 4037 919 4112 versutia,
950 4042 1018 4100 tota
1054 4054 1087 4098 se
1110 4036 1226 4099 virtute
1259 4037 1344 4099 idem
1382 4039 1661 4105 excellentissimus
1692 4043 1844 4126 Pippinus

220 4150 415 4210 Fraucmum
444 4163 499 4208 rex
527 4144 686 4225 protessus
715 4147 762 4206 est
782 4141 943 4206 decertare
969 4161 1027 4224 pro
1055 4159 1152 4204 causa
1179 4148 1296 4206 sanctae
1321 4144 1378 4208 Dei
1416 4144 1575 4216 Ecclesiae,
1605 4147 1686 4210 sicut
1721 4150 1843 4231 pridem

217 4247 285 4336 jam
313 4254 380 4316 lato
400 4250 583 4315 beatissimo
610 4250 824 4332 spoponderat
853 4248 1004 4331 pontilici.

261 4390 347 4450 m
373 4390 463 4450 'lunc
491 4384 561 4466 pari
588 4384 719 4448 consilio
746 4383 845 4446 isdem
874 4381 1091 4446 sanctissimus
1118 4401 1203 4464 papa
1227 4402 1299 4446 cum
1323 4385 1527 4449 denominato
1550 4389 1742 4452 Francorum
1770 4409 1844 4472 rege

220 4493 353 4558 consilio
377 4493 456 4555 inito
481 4491 575 4574 juxta
601 4490 634 4554 id
667 4491 753 4572 quod
791 4490 942 4572 prelatus
976 4490 1229 4554 Garolomannus
1263 4490 1329 4554 Deo
1358 4511 1391 4554 se
1419 4492 1590 4557 devoverat
1625 4497 1844 4561 monachicam

224 4601 338 4681 degere
373 4599 483 4676 vitam
522 4598 555 4660 in
593 4597 784 4661 monasterio
823 4615 897 4660 eum
936 4596 1002 4661 illio
1037 4597 1071 4660 in
1114 4597 1247 4660 Francia
1276 4597 1321 4680 (p)
1351 4599 1596 4664 collocaverunt.
1625 4603 1686 4667 Ubi
1716 4609 1846 4687 etpost

221 4707 402 4791 aliquantos
429 4707 496 4769 dies
521 4704 632 4768 divina
652 4703 818 4768 vocatione
846 4705 886 4766 de
913 4704 973 4767 hac
1008 4704 1079 4768 luce
1120 4704 1268 4785 migravit
1300 4723 1385 4768 anuo
1419 4707 1546 4770 Domini
1572 4711 1634 4771 *1³5
1659 4709 1714 4794 (q).
1745 4713 1845 4776 Porro

174 4813 508 4878 ochnstinnissimus
533 4812 688 4894 Pippinus
716 4815 910 4875 Francorum
939 4828 1007 4888 rex,
1034 4815 1070 4872 ut
1096 4829 1169 4873 rere
1196 4809 1281 4873 beati
1308 4811 1394 4874 Petri
1419 4812 1532 4891 ltdelis,
1564 4821 1660 4898 atque
1692 4815 1761 4899 jam
1789 4818 1847 4882 lati

222 4921 415 4985 sanctissimi
444 4919 600 5001 pontilicis
621 4917 793 4981 salutiferis
820 4917 1044 4999 obtemperans
1081 4917 1210 4980 monitis
1240 4916 1278 5000 (r)
1306 4918 1422 4983 direxit
1457 4938 1534 4983 suos
1567 4923 1678 4988 missos
1711 4926 1846 4990 aistulfo

735 5211 861 5260 lterum
881 5211 1073 5261 URGIFALFS
1095 5211 1256 5260 ransom.

170 5462 353 5594 (opexcelsa.
371 5463 532 5548 (blviribus.
548 5463 642 5548 (c)seu
655 5461 1054 5593 ceteralocajmiraipubl.
1031 5464 1142 5522 ‚modis
1155 5464 1293 5522 omnihus
1309 5465 1438 5524 reddere.
1449 5465 1487 5540 ()d
1494 5465 1699 5523 Parisiacum.
1707 5462 1844 5538 (e)hibar-

123 5553 198 5592 nan
222 5552 284 5592 um.
301 5535 518 5619 incumbente
533 5535 571 5608 (o)
561 5535 652 5606 ll'ide
666 5537 769 5592 Boron.
779 5533 815 5591 ad
830 5552 895 5592 ann.
912 5535 946 5590 75
989 5536 1030 5605 (la)
1042 5535 1164 5592 Franci
1174 5536 1283 5593 abidam
1293 5535 1449 5596 enatantes
1449 5467 1493 5594 de
1503 5536 1634 5609 eJusvrta
1643 5535 1843 5634 desperarent.

124 5609 189 5736 (ιζ
207 5623 327 5664 omnem
342 5607 405 5666 llari
421 5604 581 5676 hominem,
598 5607 669 5663 dum
684 5621 761 5664 eum.
776 5607 828 5680 (j)
836 5605 1020 5678 odiosum(
1009 5607 1086 5680 (lotii,
1094 5607 1267 5666 Parisiacus.
1282 5608 1330 5681 (tl'
1338 5607 1439 5665 Carolo
1454 5607 1500 5663 bia
1523 5623 1559 5662 no
1574 5607 1665 5662 tratri.
1674 5607 1740 5681 (m)
1746 5623 1845 5666 mona-

124 5695 225 5736 ⁰¹1⁵·
241 5681 309 5749 (ol¹
325 5695 393 5736 eum
408 5677 439 5735 in
455 5677 582 5736 Francia
596 5677 776 5777 provinciam
792 5678 829 5736 sd
845 5677 902 5737 sibi
918 5677 1123 5738 obediendum.
1141 5679 1193 5756 (c)
1209 5679 1397 5755 peruenisset
1413 5681 1472 5753 (p)
1512 5691 1605 5735 renuo
1620 5678 1843 5742 collocaverunt,

125 5752 175 5830 (q)
193 5747 373 5813 Videbam
389 5767 457 5811 con
472 5750 534 5810 754.
550 5750 586 5829 (r)
623 5765 728 5828 Juasrs
