4048 6174
234 213 311 273 leae
806 199 1015 267 ANASTASII
1036 197 1361 264 memorabuntur.
1831 207 1894 270 lice

314 343 511 414 delictorum,
541 355 684 400 asserens
711 342 742 400 et
770 337 831 400 hoe
860 336 946 418 qued
974 335 1064 398 nrrlla
1099 353 1171 398 eum
1200 333 1243 416 (o)
1272 333 1413 398 thesauri
1449 331 1541 414 copia
1576 328 1706 395 suadere
1740 334 1843 402 valeret
1869 349 1897 404 ut

210 519 212 526 ,
255 453 291 512 15
314 446 398 526 quod
427 445 524 508 semel
560 446 653 509 beato
691 447 785 509 Petro
826 443 953 517 obtulit,
985 442 1134 506 auferret.
1164 444 1203 504 er
1232 442 1299 504 haec
1334 439 1484 522 praedicto
1522 439 1635 520 imper.
1664 437 1753 502 misso
1789 444 1897 510 reddens

315 553 347 614 in
377 552 548 634 responsis.
576 553 826 616 continuorum
853 549 895 613 sd
923 549 1054 631 propria
1076 546 1281 612 remeandum
1313 565 1369 630 per
1398 545 1493 610 eliam
1525 545 1609 608 viam
1645 546 1783 624 absolvit,
1808 553 1900 632 quiet

315 661 383 722 sine
411 661 524 723 ellectu
552 662 684 722 Romam
713 657 889 738 conjunxit.

369 791 452 846 m
483 785 564 846 Dum
593 802 667 846 vero
696 782 856 844 antefatus
884 779 1127 862 benignissimus
1153 778 1308 860 Pippinus
1335 777 1529 841 ffiaucorum
1552 787 1614 839 rex
1636 776 1761 858 Papiam
1782 779 1902 846 obsidens

314 892 546 970 constringeret
575 889 747 962 civitatem,
776 885 852 950 lunc
889 887 1041 949 aistulfus
1077 885 1293 948 atrocissimus
1330 903 1386 947 rex
1426 883 1719 964 longobardorum,
1746 890 1778 947 ut
1801 889 1902 952 renium

314 999 361 1060 illi
389 999 542 1061 tribueret
570 1001 601 1060 et
628 996 669 1058 ab
697 995 861 1059 obsidione
884 999 1032 1072 cessaret,
1062 1009 1142 1075 quas
1170 992 1257 1074 prius
1292 994 1525 1072 contempserat
1560 989 1751 1072 conscriptas
1784 993 1812 1055 in
1837 1001 1904 1076 pacti

314 1105 433 1166 foedere
471 1103 614 1165 redderet
649 1103 803 1176 civitates,
842 1119 876 1164 se
913 1100 1015 1163 modis
1042 1099 1190 1162 omnibus
1227 1099 1387 1179 professus
1422 1102 1471 1160 est
1508 1095 1715 1160 redditurum.
1751 1101 1787 1161 er
1819 1104 1901 1169 denuo

272 1211 499 1274 booebrmete
527 1209 685 1273 anteriore
714 1213 817 1290 pacto,
846 1207 933 1288 quod
961 1225 1018 1288 per
1047 1206 1190 1289 elapsam
1220 1209 1367 1268 octavam
1396 1199 1601 1267 indictionem
1629 1203 1710 1268 inter
1737 1212 1833 1286 partes
1850 1229 1903 1291 pro

246 1359 250 1364 -
313 1322 445 1380 venerat
472 1315 525 1398 (b),
542 1316 679 1378 restituit
706 1315 792 1396 ipsas
819 1313 960 1378 civitates
988 1312 1148 1395 prelatas,
1179 1312 1298 1376 adderu
1341 1316 1374 1374 et
1410 1317 1548 1373 castrum
1576 1310 1663 1392 quod
1695 1315 1904 1392 cognominetur

312 1424 505 1488 Cumiaclum
520 1422 572 1506 (c).

356 1556 438 1610 aaa
461 1551 505 1610 De
534 1547 648 1627 quibus
676 1546 825 1608 omnibus
851 1545 986 1626 receptis
1013 1542 1194 1606 civitatibus
1220 1541 1424 1606 donationem
1452 1541 1485 1603 in
1521 1540 1647 1622 scriptis
1674 1559 1693 1604 a
1720 1541 1807 1606 beato
1832 1547 1904 1610 Petro

315 1662 410 1736 atque
439 1673 458 1716 a
485 1660 596 1716 sancta
623 1656 766 1715 Romanu
794 1652 944 1726 Ecclesia,
972 1651 1022 1714 vel
1051 1649 1199 1712 omnibus
1227 1649 1260 1710 iu
1295 1654 1481 1730 perpetuum
1520 1647 1722 1728 pontificibus
1757 1653 1906 1732 apostolice

315 1762 407 1838 sedis,
441 1761 525 1822 misit
548 1760 780 1842 possidendum,
811 1777 882 1840 que
911 1763 943 1821 et
970 1775 1070 1840 usque
1099 1755 1253 1820 hactenus
1276 1755 1308 1817 in
1337 1753 1477 1818 archivio
1503 1762 1621 1818 saneta
1647 1759 1760 1818 nestra
1787 1756 1906 1820 Ecclesia

317 1869 478 1931 recondita
521 1873 657 1930 tenetur.
688 1866 736 1929 sd
778 1865 973 1948 recipiendas
1013 1883 1087 1928 vero
1123 1865 1208 1944 ipsas
1246 1863 1389 1925 civitates
1423 1861 1508 1924 misit
1547 1860 1614 1943 ipse
1656 1861 1907 1930 christianissimus

276 1977 508 2036 birancerum
538 1990 712 2035 rensuum
740 1971 968 2046 consiliarium,
996 1971 1029 2033 id
1057 1975 1105 2034 est
1136 1969 1308 2032 Fulradum
1347 1967 1558 2030 venerabilem
1597 1967 1743 2030 abbatem
1780 1977 1810 2032 ct
1841 1991 1906 2053 pres·

317 2082 473 2162 bytcrum.
519 2081 557 2141 Et
596 2079 749 2141 contiuuo
785 2077 853 2159 ejus
894 2077 1058 2141 eximietas
1086 2075 1130 2158 (d)
1160 2073 1292 2140 feliciter
1331 2093 1404 2137 cum
1444 2074 1509 2137 auis
1550 2075 1741 2139 exercitibus
1772 2081 1907 2141 Francinn

316 2187 489 2267 repedavit.
517 2185 771 2248 Praenominotus
798 2189 903 2247 autern
932 2184 1088 2247 Pulradus
1117 2183 1307 2246 venerabilis
1335 2181 1433 2244 abbas
1461 2186 1493 2243 et
1510 2181 1677 2264 presbyter
1712 2185 1906 2248 Rauennatium

316 2301 517 2374 partescum
547 2291 649 2352 missis
673 2289 741 2370 jam
771 2291 828 2352 fati
845 2289 970 2352 histulss
993 2291 1076 2370 regis
1103 2287 1310 2371 conjungens.
1340 2295 1372 2352 et
1400 2307 1456 2369 per
1483 2287 1623 2368 singulas
1655 2289 1828 2370 ingrediens
1849 2293 1908 2354 civi·

316 2406 397 2463 tutes
424 2405 489 2461 tam
518 2398 729 2479 Pentapoleos
752 2415 848 2479 quam
876 2403 908 2458 et
935 2397 1080 2472 AEmiliae,
1103 2413 1220 2478 easque
1249 2395 1414 2477 recipiens,
1444 2401 1476 2458 et
1503 2393 1627 2458 obsides
1656 2414 1713 2478 per
1733 2415 1910 2479 unumquen-

258 2511 297 2571 lo
318 2526 379 2588 que
408 2507 554 2568 auferens
580 2505 632 2586 (e),
662 2511 757 2586 atque
785 2505 936 2585 primates
964 2522 1071 2566 secum
1099 2521 1163 2567 una
1185 2521 1257 2565 cum
1287 2503 1428 2566 clavibus
1461 2507 1624 2584 pertarum
1662 2503 1817 2566 civitatum
1843 2505 1908 2567 deis

319 2633 402 2689 rens,
426 2615 560 2675 Romam
589 2610 766 2692 conjunxit.

360 2746 443 2801 m
466 2739 505 2798 Et
527 2737 611 2817 ipsas
639 2736 745 2799 claves
775 2741 839 2798 tam
868 2734 1098 2798 Ravennalium
1126 2733 1214 2797 urbis
1242 2752 1401 2816 quamque
1429 2732 1626 2797 diversarum
1657 2733 1814 2798 civitatum
1834 2734 1910 2816 ipsius

322 2844 552 2908 Ravennatium
581 2841 769 2905 exarchatus
795 2861 861 2905 una
891 2860 963 2905 eum
1001 2841 1216 2924 suprascripta
1251 2839 1422 2904 donatione
1449 2841 1488 2903 de
1516 2839 1561 2903 eis
1587 2860 1607 2904 a
1632 2861 1692 2904 suo
1729 2861 1798 2922 rege
1822 2843 1910 2905 ambas

320 2954 351 3014 in
379 2950 574 3014 confessione
603 2949 689 3011 beati
716 2949 802 3011 Petri
832 2938 966 3030 peneus',
996 2947 1098 3011 cidem
1122 2948 1266 3030 apostole
1298 2952 1330 3009 et
1366 2945 1435 3028 ejus
1463 2947 1579 3011 vicarie
1611 2947 1804 3012 sanctissimo
1829 2967 1908 3030 pape,

318 3066 414 3140 atque
441 3056 588 3119 omnibus
615 3055 683 3134 ejus
715 3055 947 3118 suecessoribus
971 3053 1173 3136 pontificibus
1199 3053 1381 3137 perenniter
1408 3052 1612 3136 possidendas
1645 3059 1740 3136 atque
1769 3055 1908 3137 disponm·

279 3165 375 3227 5das
416 3163 557 3239 tradidit,
586 3161 619 3223 id
656 3168 703 3225 est
732 3165 926 3239 Ravennam,
954 3161 1145 3237 Ariminum,
1173 3162 1351 3234 Pisaurum,
1378 3167 1474 3243 atque
1512 3163 1645 3238 Fanum,
1676 3163 1816 3238 Cassum
1836 3162 1910 3223 Seno
1974 3157 1975 3196 l

318 3271 440 3353 gallius,
471 3268 590 3344 licium,
620 3271 735 3332 Forum
763 3269 924 3351 Pompilii,
954 3271 1069 3332 Forum
1108 3267 1197 3342 Livii,
1228 3287 1299 3330 curn
1338 3273 1441 3331 castro
1476 3263 1643 3344 sussubio,
1680 3267 1906 3340 Moutcmfcrctri,

318 3378 499 3459 acerragio,
528 3379 667 3441 Mentem
707 3376 831 3451 Lucari,
876 3379 1014 3450 Sarrum,
1044 3375 1209 3439 castellnm
1246 3375 1347 3438 sancti
1387 3374 1531 3450 Mariani,
1575 3374 1730 3450 Behrum,
1770 3375 1907 3440 Urhieun.

317 3484 462 3559 Gallium,
489 3484 634 3559 Luculos,
665 3483 845 3563 Eugubium
871 3502 926 3546 seu
954 3482 1159 3546 comiaclum.
1187 3485 1316 3546 Necnon
1352 3486 1384 3545 et
1421 3481 1580 3544 civitatem
1619 3483 1828 3558 Narnieuscm,
1854 3499 1906 3561 qua

318 3612 336 3654 a
359 3592 477 3652 ducatu
500 3590 662 3670 Spoletino
689 3588 780 3671 (lla
810 3595 898 3670 parte
923 3591 1138 3652 homanorum
1164 3609 1220 3670 per
1241 3589 1368 3652 evolute
1389 3607 1544 3651 annorum
1566 3589 1671 3671 spatia
1695 3590 1795 3653 luerat
1813 3591 1906 3652 invasa.

255 3703 295 3761 {0
315 3700 395 3760 Dum
425 3716 500 3776 crgo
529 3696 597 3757 haee
632 3700 814 3775 agerentur,
843 3697 911 3777 ipse
938 3696 1048 3759 infelix
1076 3697 1230 3760 Aistulfus
1251 3696 1390 3779 quodam
1419 3695 1488 3758 loco
1525 3695 1559 3758 iu
1595 3697 1826 3760 venerationem
1855 3711 1906 3777 pcr-

317 3823 395 3886 gens
418 3804 524 3866 divino
553 3804 616 3865 ictu
639 3822 814 3884 percussus,
837 3803 1003 3865 defunctus
1031 3806 1089 3865 est.
1121 3805 1208 3866 Tunc
1236 3803 1416 3866 Desiderius
1443 3803 1572 3885 quidam
1611 3804 1677 3865 dux
1713 3801 1905 3884 Longobsrdo·

319 3932 400 3986 rum,
431 3910 486 3992 qui
514 3910 554 3972 ab
582 3910 693 3972 eodem
715 3909 906 3990 nequissime
931 3909 1065 3973 Aistulfo
1089 3909 1210 3973 Tusciae
1233 3911 1265 3972 in
1294 3916 1399 3993 portas
1428 3914 1498 3973 eret
1518 3909 1669 3986 directus,
1701 3912 1825 3975 andlens
1845 3925 1903 3991 pre

317 4021 417 4082 falum
444 4017 558 4080 obiisse
577 4016 757 4091 aistulfum,
775 4015 859 4079 illico
887 4035 1065 4098 aggregans
1091 4017 1191 4099 ipsius
1217 4017 1339 4080 uusoiae
1363 3999 1540 4080 universam
1569 4017 1764 4081 exercituum
1792 4017 1906 4079 multitu·

318 4127 437 4199 dinem,
480 4124 570 4204 regni
614 4122 896 4204 Longohurdorum
938 4124 1061 4206 eripere
1103 4123 1197 4186 nixus
1238 4127 1284 4186 est
1330 4122 1493 4202 fastigium
1536 4122 1588 4206 (g).
1631 4123 1731 4205 Cujus
1770 4137 1906 4207 personae

256 4237 294 4295 {5
316 4231 476 4314 despectui
504 4230 625 4292 habens
649 4227 824 4292 lledehisus
852 4229 972 4291 dudum
1002 4248 1068 4303 rex,
1098 4235 1131 4292 et
1158 4229 1360 4312 postmodum
1391 4227 1576 4305 monachus,
1608 4249 1777 4311 germanus
1809 4225 1906 4311 prefati
1973 4227 1974 4306 l

316 4337 452 4414 aistulfi,
474 4337 528 4398 sed
564 4342 595 4398 et
630 4336 684 4398 atii
725 4336 830 4417 plures
858 4335 1138 4415 Longobardorum
1166 4337 1336 4418 optimates
1376 4353 1448 4398 cum
1486 4355 1523 4400 eo
1563 4336 1702 4400 eundem
1744 4334 1904 4399 Desideriou
1973 4309 1974 4358 l

314 4450 511 4528 spernentes,
535 4442 706 4524 plurimam
736 4442 942 4524 transalpium
976 4442 1027 4505 vel
1055 4448 1169 4506 caetcra
1208 4442 1491 4523 Longobardorum
1527 4442 1722 4507 exercituum
1761 4436 1903 4504 multitudi-

313 4573 384 4618 nezn
411 4555 629 4634 aggregantes,
660 4550 700 4612 ad
729 4548 944 4611 dimicandum
973 4554 1083 4613 contre
1111 4567 1183 4612 eum
1208 4549 1341 4631 prefecti
1369 4555 1454 4612 sunt.

256 4681 295 4740 20
357 4685 440 4740 aba
462 4676 508 4738 Ad
538 4677 607 4738 hac
635 4676 784 4756 praefatus
809 4673 989 4738 Desiderius
1016 4675 1132 4738 obnixe
1161 4674 1329 4758 prelatum
1357 4673 1573 4738 beatissimum
1602 4674 1782 4758 pontificem
1816 4671 1902 4751 depre-

316 4791 404 4845 catus
434 4789 481 4844 est
502 4783 561 4844 sibi
589 4783 741 4844 auxilium
770 4781 863 4857 ferre,
893 4787 1050 4863 quatenus
1076 4781 1178 4864 ipsam
1214 4781 1352 4862 regalem
1388 4782 1509 4845 valeret
1541 4800 1703 4846 assumere
1737 4779 1900 4862 dignitatem.

316 4889 474 4970 spondens
511 4887 720 4969 jurejurando
761 4906 889 4951 omnem
926 4888 1051 4971 praeiati
1090 4887 1262 4951 beatissimi
1311 4887 1468 4969 pontilicis
1510 4888 1684 4970 adimplere
1726 4887 1899 4950 veluntatem·
1972 4959 1973 4978 Χ

316 4999 447 5075 insuper
475 5001 505 5056 et
534 4995 715 5074 reipublicae
743 5013 776 5057 se
803 4994 1002 5058 redditurum
1029 4996 1189 5078 professus
1217 4999 1265 5058 est
1292 4993 1533 5075 civitatesque
1562 4999 1785 5068 remanserant,
1808 4992 1860 5052 iure
1877 4989 1900 5046 sl

255 5105 293 5166 25
315 5101 442 5182 copiosa
469 5101 615 5162 <laturum
644 5119 788 5164 munera.
817 5103 905 5164 Tune
933 5101 1032 5164 isdem
1061 5100 1239 5184 precipuus
1261 5101 1357 5165 Pater
1384 5107 1415 5164 et
1435 5101 1538 5164 benus
1566 5109 1685 5183 paster,
1706 5101 1780 5164 inito
1797 5091 1899 5160 consilio

312 5227 395 5290 saepe
423 5206 489 5268 fato
518 5205 655 5268 rotrado
684 5207 855 5270 venerabili
884 5209 1068 5291 presbytero
1105 5213 1138 5273 et
1170 5207 1296 5287 abbate,
1327 5214 1422 5291 atque
1460 5208 1641 5273 consiliario
1677 5195 1898 5273 christianissimi

819 5453 944 5504 neruis
964 5455 1158 5511 HARGlithh'S
1179 5457 1342 5506 saevom.

247 5657 358 5734 ι(α)οἰ.
398 5656 680 5730 (b)il,conveuerat.
724 5651 759 5728 (c)
770 5653 802 5724 B,
818 5653 998 5712 Comeclum.
1049 5653 1089 5730 (d)
1104 5653 1167 5730 ipss
1182 5671 1241 5712 rex.
1292 5651 1727 5731 (e)⁸deunaquaquetoileus.
1772 5645 1893 5724 (g‘ene

232 5731 400 5804 Spototene.
438 5729 475 5802 (p)
493 5730 555 5786 tide
571 5735 670 5787 Boron.
687 5743 752 5785 etin.
771 5727 957 5786 Dominiibb.
