4048 6174
127 217 187 286 att
458 223 644 289 HISTORIA
664 222 715 286 nu
736 223 839 288 vl‘rls
863 221 958 288 ROM.
979 223 1157 288 PONT.·-
1178 221 1210 286 S.
1234 223 1455 289 aanaoalue
1477 223 1515 288 11.
1778 201 1836 293 tea

211 359 244 418 et
271 355 577 438 Constantinopolim
605 358 768 420 ducerent.
799 357 861 421 Sed
890 357 1106 438 compescnnit
1131 358 1194 420 tale
1223 357 1388 422 consilium
1416 358 1571 439 pontifex,
1601 377 1732 442 sperans
1759 383 1834 435 con·

149 463 190 524 15
212 463 387 526 versionem
417 465 580 546 principis.
611 465 689 545 Ipsis
716 466 839 528 interea
866 465 977 528 diebus
1011 464 1225 541 Exhilaratus,
1254 465 1319 526 dux
1345 465 1513 546 Neapolis,
1543 467 1693 549 deceptus
1729 453 1839 534 dauni

216 561 278 624 lica
305 562 508 642 instigatione
537 581 607 626 cum
643 563 708 626 frlio
740 582 797 626 sno
825 563 965 627 Adriano
992 563 1036 644 (1)
1063 561 1244 644 Campaniae
1274 566 1378 643 partes
1412 563 1522 640 tenuit,
1553 566 1705 629 seducens
1732 586 1835 650 popu·

210 679 288 755 lum,
328 685 364 741 ut
403 679 570 744 obedirent
601 680 786 762 imperatori
823 686 855 742 et
890 680 1070 743 occiderent
1103 679 1296 760 pontificem.
1327 681 1414 741 Γ1111
1449 681 1584 743 Romani
1618 702 1729 747 omnes
1763 704 1835 748 eum

210 795 308 857 secuti
335 795 655 876 comprehenderunt,
685 801 811 858 etcum
834 796 899 858 filio
928 815 985 858 sno
1015 795 1251 857 interfecerunt.
1280 795 1356 856 Post
1383 794 1477 856 hunc·
1497 793 1536 876 (1)
1564 802 1597 858 11
1624 800 1752 861 Petrum
1779 802 1834 864 dn-

209 929 290 984 cem,
320 910 477 974 dicentem
506 918 617 976 contra
644 912 826 993 pontificem
854 911 1040 994 imperatori
1068 910 1229 992 scripsisse
1260 909 1308 992 (1),
1338 911 1557 974 turbaverunt.

253 1033 333 1086 181
356 1025 457 1105 Igitur
478 1025 672 1088 dissensione
694 1027 778 1089 facta
799 1027 832 1088 in
855 1027 998 1107 partibus
1018 1027 1187 1102 Ravennae,
1212 1024 1265 1088 alii
1287 1025 1516 1088 consentientes
1537 1027 1692 1109 impietati
1713 1028 1757 1111 (d)
1778 1031 1834 1092 im-

209 1139 374 1222 peratoris,
405 1141 460 1204 alii
491 1161 564 1204 cum
594 1143 743 1223 pontifice
774 1148 806 1205 et
835 1142 980 1204 fidelibus
1011 1161 1044 1204 se
1072 1147 1225 1216 tenentes,
1248 1141 1332 1202 intra
1353 1139 1388 1222 (1)
1415 1159 1469 1204 111
1500 1143 1701 1206 contentione
1733 1151 1829 1223 mota,

210 1257 344 1320 Paulum
368 1258 535 1338 patricium
558 1257 751 1322 occiderunt.
776 1257 993 1339 Longobardis
1023 1276 1098 1320 vero
1128 1257 1271 1320 AEmeliac
1293 1263 1396 1319 caetra
1416 1259 1613 1334 Ferorianus,
1638 1261 1830 1338 Montebelli,

209 1372 380 1436 Verablnm
402 1373 446 1455 (s)
467 1393 538 1436 cum
558 1374 622 1436 auis
642 1375 768 1456 oppidis
789 1376 877 1437 Buxo
900 1379 932 1436 et
953 1373 1130 1435 Pernicteta
1151 1372 1206 1454 (9),
1229 1372 1412 1454 Pentapolis
1442 1393 1567 1454 quoquc
1598 1381 1629 1437 et
1655 1379 1833 1443 Auximana

165 1489 320 1551 beivitas
340 1508 374 1551 se
395 1490 605 1552 tradiderunt.
629 1492 704 1552 Post
734 1489 864 1571 aliquod
886 1506 960 1550 raro
990 1493 1115 1569 tempus
1140 1487 1330 1568 Eutychium
1362 1489 1530 1569 patricium
1561 1493 1751 1570 ennuchum,
1776 1499 1831 1578 qui

206 1605 326 1667 dudum
350 1605 506 1668 exarchus
527 1605 640 1682 fuerat,
664 1605 829 1687 Neapolim
851 1604 936 1666 misit
957 1604 1140 1684 imperator,
1166 1602 1300 1664 utillud
1322 1604 1406 1684 qnod
1429 1607 1584 1668 exarchus
1604 1609 1731 1684 Paulus,
1757 1631 1830 1693 spa-

207 1719 304 1782 tharii
325 1739 452 1802 quoque
473 1727 505 1783 et
539 1722 645 1784 caeteri
675 1721 832 1784 malorum
864 1721 1082 1782 consiliatores
1113 1721 1216 1782 facere
1247 1719 1469 1800 nequiverunt,
1494 1723 1658 1802 perficeret
1679 1727 1752 1804 iilc;
1776 1729 1829 1790 sed

204 1854 264 1898 nec
284 1837 340 1912 sie,
363 1836 513 1900 innuente
535 1835 578 1918 (Ιι)
598 1838 675 1912 Deo,
699 1837 792 1899 latuit
813 1836 1000 1898 miserabilis
1029 1834 1132 1910 dolus,
1155 1834 1210 1896 sed
1240 1833 1353 1898 claruit
1382 1837 1503 1898 cunetis
1534 1840 1702 1918 pessimum
1725 1844 1828 1906 consi-

202 1951 295 2026 linm,
319 1951 394 2032 quia
416 1951 450 2034 (ι)
473 1952 588 2014 Christi
618 1951 737 2015 violare
767 1951 967 2014 conabantur
997 1949 1153 2024 ecclesias,
1187 1954 1218 2012 et
1248 1951 1378 2031 perdere
1409 1955 1538 2015 cunctos
1569 1960 1664 2036 atque
1693 1957 1829 2039 diripere

142 2067 348 2130 1011111111
371 2067 525 2150 11110).
549 2071 690 2149 Cumque
723 2069 860 2130 mitteret
891 2066 1053 2130 hominem
1085 2066 1248 2149 proprium
1278 2068 1411 2130 Romam
1442 2087 1514 2130 cnm
1544 2072 1668 2153 scriptis
1698 2075 1772 2150 suis,
1796 2076 1829 2137 in

196 2183 321 2265 auibus
343 2183 575 2260 continebatur,
599 2190 635 2247 nt
657 2185 798 2265 pontifex
828 2185 1024 2248 occideretur
1053 2201 1126 2244 cum
1152 2182 1359 2264 optimatibus
1389 2186 1509 2259 liomae,
1542 2186 1650 2266 agnita
1677 2191 1828 2254 crudelis-

204 2299 287 2362 sima
307 2298 431 2361 insania
462 2300 607 2381 protinus
635 2301 740 2381 ipsum
772 2299 956 2381 pratrieinm
991 2299 1122 2360 missum
1146 2297 1185 2381 (ir)
1208 2299 1351 2361 occidere
1381 2300 1561 2379 voluerunt,
1595 2303 1654 2365 nisi
1688 2305 1828 2370 detonsio

204 2415 365 2496 pontilicis
387 2415 486 2478 nimia
507 2415 706 2498 praepediset.
729 2418 845 2480 Verum
877 2415 1023 2477 eumdem
1055 2412 1404 2476 anathematizaverunt
1430 2416 1619 2496 Eutychium
1643 2421 1828 2500 exarchum,

203 2549 272 2594 sese
294 2531 402 2611 magni
423 2549 495 2594 curn
518 2532 623 2612 parvis
654 2531 904 2612 constringentes
935 2534 1134 2592 sacramento
1156 2548 1322 2610 nunquam
1345 2531 1525 2611 pontificem
1549 2533 1734 2598 Christianae
1755 2538 1829 2602 fidei

140 2648 180 2708 le
204 2645 336 2708 zelotem
359 2651 391 2708 et
417 2645 628 2710 Ecclesiarum
657 2647 853 2711 defensorem
885 2665 917 2708 11
948 2646 1129 2726 permittere
1160 2645 1279 2720 noceri,
1298 2639 1370 2707 'out
1399 2647 1550 2722 amoveri,
1573 2649 1627 2710 sed
1661 2653 1741 2715 mori
1772 2674 1829 2734 pro

202 2761 291 2822 illius
311 2761 413 2824 111111
442 2767 546 2825 essent
576 2781 686 2826 omnes
708 2763 823 2843 parati.
851 2763 983 2824 Munera
1014 2766 1088 2822 tune
1119 2759 1193 2821 hinc
1226 2759 1299 2821 inde
1330 2760 1463 2822 ducibus
1493 2765 1776 2843 Longobardornm
1797 2777 1829 2832 et

203 2875 272 2952 regi
293 2876 478 2956 pollicentes
500 2877 534 2958 (1)
557 2877 704 2958 plurima,
729 2882 765 2939 nt
786 2878 826 2940 ab
843 2875 1008 2959 juvamine
1029 2874 1217 2938 desisterent
1238 2875 1396 2958 pontificis
1418 2896 1474 2958 per
1494 2897 1567 2940 suos
1587 2880 1708 2960 legatos
1728 2886 1827 2965 patri-

204 2991 272 3053 cius
292 2991 344 3055 ille
365 2993 530 3056 suadebat.
553 2995 612 3067 Oui
634 2995 793 3075 rescripsit
816 2993 868 3076 (m)
895 2993 1113 3055 detestandam
1149 2991 1208 3054 viri
1237 2991 1436 3055 dolositatem
1468 2995 1686 3077 despicientes,
1711 3020 1774 3063 nna
1795 3022 1828 3065 se

203 3107 295 3188 quasi
316 3108 428 3172 fratres
450 3109 523 3171 frdei
544 3115 658 3173 catena
679 3109 935 3173 constrinxerunt
964 3108 1098 3171 Romani
1128 3114 1224 3189 atque
1253 3108 1461 3188 Longobardi,
1487 3112 1700 3178 desiderantes
1722 3119 1830 3181 cuncti

136 3223 181 3284 20
204 3227 337 3284 mortem
359 3241 417 3303 pro
439 3223 620 3288 defensione
650 3225 810 3306 pontificis
840 3224 994 3286 sustinere
1016 3224 1196 3308 gloriosam,
1221 3241 1384 3304 nunqnam
1415 3224 1504 3287 illum
1535 3231 1658 3324 passuri
1689 3234 1827 3313 perferre

203 3335 390 3411 molestiam,
415 3357 473 3419 pro
495 3339 556 3403 fide
578 3359 653 3402 vera
674 3340 965 3404 etGhrfetianorum
993 3343 1167 3402 certantem
1191 3339 1236 3421 (a)
1264 3340 1377 3402 salute.
1408 3342 1462 3402 llis
1488 3341 1534 3404 itu
1561 3363 1594 3406 se
1623 3343 1826 3425 habentibus,

201 3450 297 3532 elegit
332 3452 435 3532 majus
464 3454 645 3535 presidium
675 3461 766 3536 pater
793 3455 834 3537 (1)
864 3455 917 3518 1111
951 3453 1148 3516 destribuere
1186 3454 1378 3535 pauperibus
1413 3455 1592 3536 largissima
1628 3478 1723 3524 manu
1758 3483 1830 3542 qnae

205 3567 393 3648 reperiebat,
416 3569 601 3632 incumbens
630 3571 826 3634 orationibus
854 3575 886 3632 et
909 3569 1051 3650 jejuniis,
1080 3573 1111 3630 et
1138 3568 1263 3631 letaniis
1291 3572 1391 3631 Dcnrn
1419 3571 1559 3650 quotidie
1590 3574 1831 3655 deprecabatur.

199 3685 239 3746 Et
264 3701 320 3764 spe
345 3683 391 3746 ita
417 3685 570 3748 manebat
595 3704 721 3767 semper
749 3687 846 3748 fultus
874 3686 946 3768 plus
975 3703 1070 3766 quam
1100 3684 1277 3760 hominum,
1308 3685 1426 3764 gratias
1456 3693 1562 3749 tumen
1592 3690 1748 3755 voluntati
1776 3712 1837 3776 po.

145 3800 186 3860 25
207 3798 275 3881 puli
304 3799 442 3862 referens
470 3819 528 3880 pre
558 3801 671 3863 mentis
699 3803 875 3885 proposito,
904 3801 1022 3864 blando
1050 3819 1161 3863 omnes
1189 3819 1346 3880 sermone,
1376 3805 1412 3862 ut
1446 3801 1535 3865 bonis
1569 3805 1602 3866 in
1632 3808 1731 3869 Deum
1762 3828 1837 3890 pro-

204 3914 337 3976 ficerent
371 3914 494 3976 actibus
526 3922 559 3978 et
591 3917 624 3978 in
660 3917 722 3979 fide
754 3918 971 3999 persisterent,
1006 3914 1152 3994 rogabat,
1182 3915 1236 3978 sed
1272 3933 1311 3976 11
1346 3915 1534 3978 desisterent
1569 3918 1609 3980 ab
1646 3938 1752 3985 amore
1787 3924 1838 3986 111

203 4028 266 4090 ilde
293 4030 428 4091 Romani
454 4031 582 4112 imperii
608 4033 813 4096 admonebat.
830 4033 875 4115 (p)
902 4032 953 4096 Sic
981 4035 1169 4093 cunctorum
1199 4029 1296 4092 corda
1331 4030 1505 4106 molliebat,
1539 4039 1570 4095 11
1607 4034 1733 4098 dolores
1765 4057 1837 4101 con-

204 4143 311 4206 tinuos
337 4143 518 4224 mitigabat.

246 4265 329 4320 186
358 4259 477 4322 Eodem
506 4266 648 4343 tempore
678 4283 735 4344 per
762 4281 806 4326 xr,
832 4263 943 4326 indict.
980 4262 1054 4325 dolo
1091 4279 1111 4322 a
1140 4259 1354 4341 Longobardis
1383 4279 1551 4341 pervasum
1589 4271 1636 4327 111
1669 4267 1835 4332 Sueriense

199 4372 378 4450 castellnm,
412 4376 498 4455 quod
526 4395 584 4457 per
610 4384 738 4441 centum
774 4379 987 4460 quadraginta
1013 4378 1081 4440 dies
1111 4375 1154 4458 (q)
1182 4376 1222 4438 ab
1254 4374 1371 4437 eisdem
1406 4377 1623 4457 Longobardis
1656 4399 1834 4462 possessum

203 4493 265 4550 est.
292 4488 352 4550 Sed
380 4491 539 4570 pontificis
569 4493 677 4555 multis
705 4494 862 4556 continuis
891 4492 1016 4574 scriptis
1044 4497 1139 4572 atque
1174 4488 1473 4553 commonitionibus
1506 4493 1546 4554 ad
1578 4513 1685 4575 regem
1722 4498 1834 4572 missis,

215 4604 363 4682 11111111
390 4607 499 4668 multis
527 4607 608 4671 datis
650 4609 843 4685 muneribus,
876 4610 978 4672 saltim
1005 4607 1045 4689 (r)
1072 4606 1219 4670 omnibus
1253 4605 1316 4668 suis
1351 4608 1506 4670 nudatum
1540 4610 1664 4691 opibus,
1699 4619 1837 4676 castrum

160 4717 412 4783 5donationcm
442 4722 630 4787 beatissimis
659 4727 811 4808 apostolis
837 4728 930 4789 Petro
966 4731 999 4788 et
1030 4724 1130 4786 Paulo
1167 4721 1338 4783 antelatam
1372 4723 1519 4787 emittens
1553 4729 1837 4806 Longobardornm

204 4853 260 4894 rex
289 4836 425 4899 restituit
452 4844 548 4920 atque
576 4840 717 4904 donarit.
746 4845 791 4905 lio
828 4847 934 4904 autem
968 4848 1121 4920 tempore,
1152 4836 1324 4899 indictione
1358 4855 1413 4914 xrr,
1445 4857 1553 4902 mense
1583 4843 1748 4920 ianuario,
1781 4863 1839 4925 per

202 4949 312 5012 decern
342 4957 373 5015 et
403 4955 540 5036 amplius
567 4956 634 5018 dies
669 4957 771 5032 atella,
808 4977 879 5040 qum
915 4957 1037 5020 Antifer
1064 4953 1099 5035 (1)
1130 4951 1296 5026 vocitatur,
1329 4972 1400 5014 cnm
1437 4955 1533 5016 radiis
1561 4956 1594 5018 in
1625 4960 1706 5022 eoelo
1735 4980 1836 5044 appa·

205 5065 271 5126 ruit
298 5067 330 5128 in
359 5069 506 5146 Occidno,
538 5070 574 5162 (1)
602 5070 693 5152 cujus
722 5072 803 5134 radii
839 5079 945 5154 partes
978 5068 1142 5152 Aquilonis
1180 5067 1400 5148 respiciebant,
1430 5075 1461 5130 et
1493 5089 1591 5152 usque
1625 5075 1666 5136 ad
1697 5076 1836 5140 medium

203 5181 320 5244 coelum
350 5204 382 5247 se
412 5186 636 5249 extendebant.
667 5189 711 5251 Eo
740 5207 814 5251 vero
854 5196 995 5269 tempora
1030 5185 1145 5266 saepius
1181 5183 1257 5246 dicti
1293 5185 1467 5266 Eutychiae
1501 5189 1651 5269 patricius
1688 5199 1720 5254 et
1752 5193 1838 5255 huit·

138 5295 181 5359 10
204 5296 345 5376 prandns
374 5319 428 5362 rex
464 5303 604 5364 inierunt
641 5304 807 5366 consilium
846 5304 1014 5377 nefarium,
1044 5305 1080 5362 ut
1117 5298 1316 5378 congregatis
1351 5302 1540 5365 exercitibus
1577 5324 1631 5368 rex
1667 5305 1838 5386 subjiceret

718 5455 844 5500 boruth*
865 5451 1059 5500 mantuanus
1080 5447 1239 5495 FABROTTI.

153 5551 209 5621 (a)
228 5555 258 5620 B,
275 5555 434 5614 Andriano.
478 5560 516 5627 (1)
532 5561 601 5616 Post
616 5559 681 5616 hoc.
726 5565 762 5628 (1)
776 5563 806 5629 11,
823 5563 954 5618 dicentes
979 5557 1090 5614 turbati
1113 5556 1191 5628 qnod
1218 5557 1319 5610 contra
1342 5557 1509 5628 pontificem
1534 5573 1650 5630 quoqne
1666 5555 1837 5629 scripsisset

123 5622 332 5696 (d)pravitati.
362 5629 497 5696 (e)inter.
527 5635 562 5702 (()
578 5633 1073 5693 11111111.111111111111111111.
1104 5632 1142 5698 (g)
1162 5627 1358 5692 Persiccdn,C.
1378 5629 1525 5684 Precatio.
1557 5627 1743 5698 (1)]1111111.
1769 5631 1841 5699 (rili,
1941 5629 1949 5638 “

113 5705 195 5766 qno.
224 5696 258 5776 ij)
274 5696 306 5761 u,
322 5698 504 5756 omnialoca.
535 5703 576 5770 (1)
592 5705 738 5760 sententia
754 5706 875 5762 ftomani
902 5703 1036 5776 protinus
1057 5701 1151 5771 ipsius
1167 5697 1283 5753 Patr-inii
1304 5698 1438 5780 missum.
1469 5701 1498 5766 (ι)
1514 5698 1663 5769 pollicens.
1690 5704 1740 5770 (m)
1757 5702 1789 5766 B,
1807 5718 1842 5780 cx

110 5763 260 5839 seriptis.
288 5773 329 5838 (1)
344 5775 500 5828 certantes.
529 5775 567 5843 (1)
581 5790 667 5845 papo.
698 5776 737 5847 (p)
752 5779 856 5833 Boron.
872 5781 997 5840 111111,
1013 5776 1068 5828 728
1085 5769 1197 5841 irritae·
1227 5769 1449 5839 (pauculas.
1478 5774 1515 5838 (r)
1529 5773 1636 5826 18111611·
1653 5773 1688 5843 (³)
1704 5772 1734 5838 C,
1759 5787 1840 5827 sturl·

103 5829 182 5911 fer.
195 5839 219 5909 f.
234 5837 359 5902 Lucifer.
389 5843 420 5917 (t)
433 5845 542 5903 Baros.
560 5859 630 5903 aaa.
647 5847 710 5904 729.
