<?xml version="1.0" encoding="UTF-8"?>
<!DOCTYPE html PUBLIC "-//W3C//DTD XHTML 1.0 Transitional//EN"
    "http://www.w3.org/TR/xhtml1/DTD/xhtml1-transitional.dtd">
<html xmlns="http://www.w3.org/1999/xhtml" xml:lang="en" lang="en">
 <head>
  <title>
</title>
<meta http-equiv="Content-Type" content="text/html;charset=utf-8" />
  <meta name='ocr-system' content='tesseract 3.04.00' />
  <meta name='ocr-capabilities' content='ocr_page ocr_carea ocr_par ocr_line ocrx_word'/>
</head>
<body>
  <div class='ocr_page' id='page_1' title='image "./patrologiaecurs94unkngoog_0452.png"; bbox 0 0 3998 6158; ppageno 0'>
   <div class='ocr_carea' id='block_1_1' title="bbox 150 157 1858 236">
    <p class='ocr_par' dir='ltr' id='par_1_1' title="bbox 150 157 1858 236">
     <span class='ocr_line' id='line_1_1' title="bbox 150 157 1858 236; baseline 0.009 -15"><span class='ocrx_word' id='word_1_1' title='bbox 150 157 213 221; x_wconf 78' lang='grc'>893</span> <span class='ocrx_word' id='word_1_2' title='bbox 553 161 738 226; x_wconf 73' lang='lat' dir='ltr'>HISTORIA</span> <span class='ocrx_word' id='word_1_3' title='bbox 760 161 812 226; x_wconf 80' lang='lat' dir='ltr'>uli</span> <span class='ocrx_word' id='word_1_4' title='bbox 832 161 935 226; x_wconf 74' lang='lat' dir='ltr'>Vivis</span> <span class='ocrx_word' id='word_1_5' title='bbox 956 163 1052 228; x_wconf 83' lang='lat' dir='ltr'>ROM.</span> <span class='ocrx_word' id='word_1_6' title='bbox 1074 163 1192 228; x_wconf 74' lang='lat' dir='ltr'>Pons.</span> <span class='ocrx_word' id='word_1_7' title='bbox 1216 198 1255 212; x_wconf 89' lang='lat'><em>-</em></span> <span class='ocrx_word' id='word_1_8' title='bbox 1277 166 1456 232; x_wconf 82' lang='lat' dir='ltr'>SllllGlUS.</span> <span class='ocrx_word' id='word_1_9' title='bbox 1797 173 1858 236; x_wconf 78' lang='lat' dir='ltr'>aar</span> 
     </span>
    </p>
   </div>
   <div class='ocr_carea' id='block_1_2' title="bbox 78 289 1948 5101">
    <p class='ocr_par' dir='ltr' id='par_1_2' title="bbox 161 289 1948 1560">
     <span class='ocr_line' id='line_1_2' title="bbox 233 289 1856 390; baseline 0.011 -36"><span class='ocrx_word' id='word_1_10' title='bbox 233 289 348 390; x_wconf 86' lang='lat' dir='ltr'>domus</span> <span class='ocrx_word' id='word_1_11' title='bbox 367 291 470 370; x_wconf 80' lang='lat' dir='ltr'>tutia,</span> <span class='ocrx_word' id='word_1_12' title='bbox 495 311 566 376; x_wconf 81' lang='lat' dir='ltr'>quae</span> <span class='ocrx_word' id='word_1_13' title='bbox 587 311 682 377; x_wconf 86' lang='lat' dir='ltr'>super</span> <span class='ocrx_word' id='word_1_14' title='bbox 702 313 848 377; x_wconf 88' lang='lat' dir='ltr'>campum</span> <span class='ocrx_word' id='word_1_15' title='bbox 871 295 1008 378; x_wconf 80' lang='lat' dir='ltr'><strong>respicit,</strong></span> <span class='ocrx_word' id='word_1_16' title='bbox 1032 296 1210 379; x_wconf 88' lang='lat' dir='ltr'>occupavit.</span> <span class='ocrx_word' id='word_1_17' title='bbox 1232 300 1375 380; x_wconf 84' lang='lat' dir='ltr'>Cumque</span> <span class='ocrx_word' id='word_1_18' title='bbox 1405 319 1487 364; x_wconf 89' lang='lat' dir='ltr'>unus</span> <span class='ocrx_word' id='word_1_19' title='bbox 1516 301 1578 366; x_wconf 91' lang='lat' dir='ltr'>alio</span> <span class='ocrx_word' id='word_1_20' title='bbox 1601 298 1643 386; x_wconf 85' lang='lat' dir='ltr'>(u)</span> <span class='ocrx_word' id='word_1_21' title='bbox 1665 304 1769 369; x_wconf 88' lang='lat' dir='ltr'>locum</span> <span class='ocrx_word' id='word_1_22' title='bbox 1791 327 1856 373; x_wconf 91' lang='lat' dir='ltr'>non</span> 
     </span>
     <span class='ocr_line' id='line_1_3' title="bbox 173 400 1855 489; baseline 0.009 -26"><span class='ocrx_word' id='word_1_23' title='bbox 173 403 210 463; x_wconf 70' lang='lat' dir='ltr'>lh</span> <span class='ocrx_word' id='word_1_24' title='bbox 232 400 369 475; x_wconf 88' lang='lat' dir='ltr'>cederet,</span> <span class='ocrx_word' id='word_1_25' title='bbox 392 401 446 462; x_wconf 90' lang='lat' dir='ltr'>sed</span> <span class='ocrx_word' id='word_1_26' title='bbox 467 401 591 482; x_wconf 90' lang='lat' dir='ltr'>utrique</span> <span class='ocrx_word' id='word_1_27' title='bbox 611 402 792 465; x_wconf 86' lang='lat' dir='ltr'>immaniter</span> <span class='ocrx_word' id='word_1_28' title='bbox 812 403 854 485; x_wconf 83' lang='lat' dir='ltr'>(b)</span> <span class='ocrx_word' id='word_1_29' title='bbox 875 404 1093 485; x_wconf 74' lang='lat' dir='ltr'>perdurarent,</span> <span class='ocrx_word' id='word_1_30' title='bbox 1118 411 1152 466; x_wconf 93' lang='lat' dir='ltr'>ut</span> <span class='ocrx_word' id='word_1_31' title='bbox 1174 425 1255 468; x_wconf 91' lang='lat' dir='ltr'>unus</span> <span class='ocrx_word' id='word_1_32' title='bbox 1290 403 1583 489; x_wconf 73' lang='lat' dir='ltr'>alium&#39;superaret,</span> <span class='ocrx_word' id='word_1_33' title='bbox 1606 411 1719 475; x_wconf 87' lang='lat' dir='ltr'>ininito</span> <span class='ocrx_word' id='word_1_34' title='bbox 1750 415 1855 478; x_wconf 87' lang='lat' dir='ltr'>consi·</span> 
     </span>
     <span class='ocr_line' id='line_1_4' title="bbox 229 507 1853 603; baseline 0.01 -34"><span class='ocrx_word' id='word_1_35' title='bbox 229 507 274 569; x_wconf 93' lang='lat' dir='ltr'>lio</span> <span class='ocrx_word' id='word_1_36' title='bbox 289 508 439 588; x_wconf 87' lang='lat' dir='ltr'>primates</span> <span class='ocrx_word' id='word_1_37' title='bbox 465 507 610 589; x_wconf 85' lang='lat' dir='ltr'>judicum</span> <span class='ocrx_word' id='word_1_38' title='bbox 631 517 659 572; x_wconf 88' lang='lat' dir='ltr'>et</span> <span class='ocrx_word' id='word_1_39' title='bbox 684 511 838 573; x_wconf 86' lang='lat' dir='ltr'>exercitus</span> <span class='ocrx_word' id='word_1_40' title='bbox 871 513 1022 576; x_wconf 74' lang='lat' dir='ltr'>Romana</span> <span class='ocrx_word' id='word_1_41' title='bbox 1054 513 1185 588; x_wconf 87' lang='lat' dir='ltr'>militiae,</span> <span class='ocrx_word' id='word_1_42' title='bbox 1209 514 1258 575; x_wconf 92' lang='lat' dir='ltr'>vel</span> <span class='ocrx_word' id='word_1_43' title='bbox 1279 514 1355 576; x_wconf 91' lang='lat' dir='ltr'>cleri</span> <span class='ocrx_word' id='word_1_44' title='bbox 1376 513 1414 595; x_wconf 83' lang='lat' dir='ltr'>(c)</span> <span class='ocrx_word' id='word_1_45' title='bbox 1437 515 1574 596; x_wconf 91' lang='lat' dir='ltr'>plurima</span> <span class='ocrx_word' id='word_1_46' title='bbox 1603 537 1687 600; x_wconf 87' lang='lat' dir='ltr'>pars,</span> <span class='ocrx_word' id='word_1_47' title='bbox 1711 525 1743 583; x_wconf 91' lang='lat' dir='ltr'>et</span> <span class='ocrx_word' id='word_1_48' title='bbox 1772 541 1853 603; x_wconf 76' lang='lat' dir='ltr'>prar-</span> 
     </span>
     <span class='ocr_line' id='line_1_5' title="bbox 231 615 1854 702; baseline 0.009 -25"><span class='ocrx_word' id='word_1_49' title='bbox 231 615 339 677; x_wconf 85' lang='lat' dir='ltr'>scrtim</span> <span class='ocrx_word' id='word_1_50' title='bbox 370 615 569 679; x_wconf 68' lang='lat' dir='ltr'>sacerdotum</span> <span class='ocrx_word' id='word_1_51' title='bbox 600 621 695 698; x_wconf 88' lang='lat' dir='ltr'>atquo</span> <span class='ocrx_word' id='word_1_52' title='bbox 726 617 841 679; x_wconf 91' lang='lat' dir='ltr'>civium</span> <span class='ocrx_word' id='word_1_53' title='bbox 876 617 1046 681; x_wconf 90' lang='lat' dir='ltr'>multitudo</span> <span class='ocrx_word' id='word_1_54' title='bbox 1082 619 1122 680; x_wconf 88' lang='lat' dir='ltr'>ed</span> <span class='ocrx_word' id='word_1_55' title='bbox 1157 637 1281 681; x_wconf 89' lang='lat' dir='ltr'>sacrum</span> <span class='ocrx_word' id='word_1_56' title='bbox 1318 621 1471 702; x_wconf 91' lang='lat' dir='ltr'>palatium</span> <span class='ocrx_word' id='word_1_57' title='bbox 1506 629 1723 702; x_wconf 83' lang='lat' dir='ltr'>perrexerunt,</span> <span class='ocrx_word' id='word_1_58' title='bbox 1748 634 1779 690; x_wconf 89' lang='lat' dir='ltr'>et</span> <span class='ocrx_word' id='word_1_59' title='bbox 1800 629 1854 692; x_wconf 91' lang='lat' dir='ltr'>diu</span> 
     </span>
     <span class='ocr_line' id='line_1_6' title="bbox 229 723 1855 814; baseline 0.009 -31"><span class='ocrx_word' id='word_1_60' title='bbox 229 727 459 804; x_wconf 77' lang='lat' dir='ltr'>pertractantes</span> <span class='ocrx_word' id='word_1_61' title='bbox 481 723 556 804; x_wconf 90' lang='lat' dir='ltr'>quid</span> <span class='ocrx_word' id='word_1_62' title='bbox 589 725 658 785; x_wconf 87' lang='lat' dir='ltr'>fieri</span> <span class='ocrx_word' id='word_1_63' title='bbox 692 724 821 786; x_wconf 88' lang='lat' dir='ltr'>deberet</span> <span class='ocrx_word' id='word_1_64' title='bbox 856 723 1029 806; x_wconf 82' lang='lat' dir='ltr'>qualiterve</span> <span class='ocrx_word' id='word_1_65' title='bbox 1064 726 1199 788; x_wconf 90' lang='lat' dir='ltr'>duorum</span> <span class='ocrx_word' id='word_1_66' title='bbox 1237 728 1456 790; x_wconf 88' lang='lat' dir='ltr'>altercantium</span> <span class='ocrx_word' id='word_1_67' title='bbox 1492 729 1664 792; x_wconf 87' lang='lat' dir='ltr'>electorum</span> <span class='ocrx_word' id='word_1_68' title='bbox 1698 733 1855 814; x_wconf 85' lang='lat' dir='ltr'>sopiretur</span> 
     </span>
     <span class='ocr_line' id='line_1_7' title="bbox 229 829 1854 922; baseline 0.007 -32"><span class='ocrx_word' id='word_1_69' title='bbox 229 830 389 892; x_wconf 90' lang='lat' dir='ltr'>contentio</span> <span class='ocrx_word' id='word_1_70' title='bbox 411 829 465 912; x_wconf 78' lang='lat' dir='ltr'>(d).</span> <span class='ocrx_word' id='word_1_71' title='bbox 487 831 552 892; x_wconf 89' lang='lat' dir='ltr'>Deo</span> <span class='ocrx_word' id='word_1_72' title='bbox 574 836 733 893; x_wconf 89' lang='lat' dir='ltr'>annuente</span> <span class='ocrx_word' id='word_1_73' title='bbox 754 831 787 892; x_wconf 92' lang='lat' dir='ltr'>in</span> <span class='ocrx_word' id='word_1_74' title='bbox 819 851 987 912; x_wconf 89' lang='lat' dir='ltr'>personam</span> <span class='ocrx_word' id='word_1_75' title='bbox 1017 832 1213 895; x_wconf 88' lang='lat' dir='ltr'>denominati</span> <span class='ocrx_word' id='word_1_76' title='bbox 1251 834 1352 913; x_wconf 85' lang='lat' dir='ltr'>Sergii</span> <span class='ocrx_word' id='word_1_77' title='bbox 1387 835 1576 897; x_wconf 87' lang='lat' dir='ltr'>venerabilis</span> <span class='ocrx_word' id='word_1_78' title='bbox 1612 840 1688 898; x_wconf 89' lang='lat' dir='ltr'>tunc</span> <span class='ocrx_word' id='word_1_79' title='bbox 1723 841 1854 922; x_wconf 89' lang='lat' dir='ltr'>presby-</span> 
     </span>
     <span class='ocr_line' id='line_1_8' title="bbox 165 934 1854 1022; baseline 0.008 -26"><span class='ocrx_word' id='word_1_80' title='bbox 165 934 209 997; x_wconf 77' lang='grc'>20</span> <span class='ocrx_word' id='word_1_81' title='bbox 230 936 289 998; x_wconf 88' lang='lat' dir='ltr'>teri</span> <span class='ocrx_word' id='word_1_82' title='bbox 310 937 538 1000; x_wconf 82' lang='lat' dir='ltr'>concordantes</span> <span class='ocrx_word' id='word_1_83' title='bbox 559 955 592 1000; x_wconf 92' lang='lat' dir='ltr'>se</span> <span class='ocrx_word' id='word_1_84' title='bbox 613 939 824 1015; x_wconf 88' lang='lat' dir='ltr'>contulerunt,</span> <span class='ocrx_word' id='word_1_85' title='bbox 848 956 984 1019; x_wconf 91' lang='lat' dir='ltr'>eumque</span> <span class='ocrx_word' id='word_1_86' title='bbox 1005 940 1045 1002; x_wconf 92' lang='lat' dir='ltr'>de</span> <span class='ocrx_word' id='word_1_87' title='bbox 1067 940 1170 1002; x_wconf 91' lang='lat' dir='ltr'>medio</span> <span class='ocrx_word' id='word_1_88' title='bbox 1192 941 1302 1022; x_wconf 92' lang='lat' dir='ltr'>populi</span> <span class='ocrx_word' id='word_1_89' title='bbox 1329 941 1474 1002; x_wconf 90' lang='lat' dir='ltr'>tollentes</span> <span class='ocrx_word' id='word_1_90' title='bbox 1507 943 1540 1004; x_wconf 93' lang='lat' dir='ltr'>in</span> <span class='ocrx_word' id='word_1_91' title='bbox 1571 944 1736 1007; x_wconf 88' lang='lat' dir='ltr'>oraculum</span> <span class='ocrx_word' id='word_1_92' title='bbox 1768 945 1854 1010; x_wconf 84' lang='lat' dir='ltr'>beati</span> 
     </span>
     <span class='ocr_line' id='line_1_9' title="bbox 228 1043 1854 1131; baseline 0.007 -27"><span class='ocrx_word' id='word_1_93' title='bbox 228 1043 356 1106; x_wconf 80' lang='lat' dir='ltr'>Caesarii</span> <span class='ocrx_word' id='word_1_94' title='bbox 376 1045 523 1125; x_wconf 85' lang='lat' dir='ltr'>martyris</span> <span class='ocrx_word' id='word_1_95' title='bbox 544 1045 669 1120; x_wconf 85' lang='lat' dir='ltr'>tlhristi,</span> <span class='ocrx_word' id='word_1_96' title='bbox 694 1047 779 1125; x_wconf 88' lang='lat' dir='ltr'>quod</span> <span class='ocrx_word' id='word_1_97' title='bbox 805 1050 852 1107; x_wconf 89' lang='lat' dir='ltr'>est</span> <span class='ocrx_word' id='word_1_98' title='bbox 886 1047 971 1107; x_wconf 88' lang='lat' dir='ltr'>intra</span> <span class='ocrx_word' id='word_1_99' title='bbox 1006 1052 1243 1108; x_wconf 88' lang='lat' dir='ltr'>sacrosanctum</span> <span class='ocrx_word' id='word_1_100' title='bbox 1280 1049 1531 1130; x_wconf 88' lang='lat' dir='ltr'>suprascriptum</span> <span class='ocrx_word' id='word_1_101' title='bbox 1567 1050 1721 1131; x_wconf 88' lang='lat' dir='ltr'>palatium</span> <span class='ocrx_word' id='word_1_102' title='bbox 1753 1051 1854 1116; x_wconf 91' lang='lat' dir='ltr'>intro-</span> 
     </span>
     <span class='ocr_line' id='line_1_10' title="bbox 229 1149 1948 1241; baseline 0.008 -29"><span class='ocrx_word' id='word_1_103' title='bbox 229 1149 399 1228; x_wconf 88' lang='lat' dir='ltr'>duxerunt,</span> <span class='ocrx_word' id='word_1_104' title='bbox 421 1153 453 1214; x_wconf 88' lang='lat' dir='ltr'>et</span> <span class='ocrx_word' id='word_1_105' title='bbox 483 1151 596 1214; x_wconf 81' lang='lat' dir='ltr'>exinde</span> <span class='ocrx_word' id='word_1_106' title='bbox 625 1152 657 1214; x_wconf 93' lang='lat' dir='ltr'>in</span> <span class='ocrx_word' id='word_1_107' title='bbox 693 1155 902 1216; x_wconf 84' lang='lat' dir='ltr'>Lateranensa</span> <span class='ocrx_word' id='word_1_108' title='bbox 937 1154 1131 1236; x_wconf 88' lang='lat' dir='ltr'>episcopium</span> <span class='ocrx_word' id='word_1_109' title='bbox 1167 1173 1238 1216; x_wconf 92' lang='lat' dir='ltr'>cum</span> <span class='ocrx_word' id='word_1_110' title='bbox 1271 1156 1401 1218; x_wconf 90' lang='lat' dir='ltr'>laudum</span> <span class='ocrx_word' id='word_1_111' title='bbox 1428 1156 1717 1221; x_wconf 75' lang='lat' dir='ltr'>‘declamationibus</span> <span class='ocrx_word' id='word_1_112' title='bbox 1737 1158 1775 1241; x_wconf 86' lang='lat' dir='ltr'>(e)</span> <span class='ocrx_word' id='word_1_113' title='bbox 1798 1160 1853 1224; x_wconf 89' lang='lat' dir='ltr'>de·</span> <span class='ocrx_word' id='word_1_114' title='bbox 1946 1227 1948 1232; x_wconf 78' lang='grc'>,</span> 
     </span>
     <span class='ocr_line' id='line_1_11' title="bbox 228 1255 1853 1341; baseline 0.007 -22"><span class='ocrx_word' id='word_1_115' title='bbox 228 1255 399 1322; x_wconf 82' lang='lat' dir='ltr'>duxerunt.</span> <span class='ocrx_word' id='word_1_116' title='bbox 422 1259 462 1322; x_wconf 81' lang='lat' dir='ltr'>ut</span> <span class='ocrx_word' id='word_1_117' title='bbox 487 1258 612 1339; x_wconf 82' lang='lat' dir='ltr'>quomis</span> <span class='ocrx_word' id='word_1_118' title='bbox 644 1259 728 1322; x_wconf 86' lang='lat' dir='ltr'>iores</span> <span class='ocrx_word' id='word_1_119' title='bbox 761 1259 945 1341; x_wconf 89' lang='lat' dir='ltr'>patriarchii</span> <span class='ocrx_word' id='word_1_120' title='bbox 980 1261 1167 1324; x_wconf 86' lang='lat' dir='ltr'>intrinsecus</span> <span class='ocrx_word' id='word_1_121' title='bbox 1203 1269 1307 1325; x_wconf 89' lang='lat' dir='ltr'>essent</span> <span class='ocrx_word' id='word_1_122' title='bbox 1342 1263 1473 1326; x_wconf 79' lang='lat' dir='ltr'>munitae</span> <span class='ocrx_word' id='word_1_123' title='bbox 1509 1269 1541 1326; x_wconf 90' lang='lat' dir='ltr'>et</span> <span class='ocrx_word' id='word_1_124' title='bbox 1579 1265 1707 1340; x_wconf 76' lang='lat' dir='ltr'>clausae,</span> <span class='ocrx_word' id='word_1_125' title='bbox 1746 1270 1853 1330; x_wconf 86' lang='lat' dir='ltr'>tamen</span> 
     </span>
     <span class='ocr_line' id='line_1_12' title="bbox 228 1365 1854 1453; baseline 0.005 -26"><span class='ocrx_word' id='word_1_126' title='bbox 228 1380 303 1446; x_wconf 89' lang='lat' dir='ltr'>pars</span> <span class='ocrx_word' id='word_1_127' title='bbox 336 1383 407 1445; x_wconf 83' lang='lat' dir='ltr'>quar</span> <span class='ocrx_word' id='word_1_128' title='bbox 441 1365 627 1446; x_wconf 74' lang='lat' dir='ltr'>pradictum</span> <span class='ocrx_word' id='word_1_129' title='bbox 661 1366 874 1430; x_wconf 87' lang='lat' dir='ltr'>venerabilem</span> <span class='ocrx_word' id='word_1_130' title='bbox 907 1365 1012 1429; x_wconf 87' lang='lat' dir='ltr'>virum</span> <span class='ocrx_word' id='word_1_131' title='bbox 1043 1367 1193 1448; x_wconf 80' lang='lat' dir='ltr'>elegerat,</span> <span class='ocrx_word' id='word_1_132' title='bbox 1218 1369 1293 1451; x_wconf 90' lang='lat' dir='ltr'>quia</span> <span class='ocrx_word' id='word_1_133' title='bbox 1324 1374 1355 1432; x_wconf 89' lang='lat' dir='ltr'>st</span> <span class='ocrx_word' id='word_1_134' title='bbox 1375 1368 1511 1432; x_wconf 92' lang='lat' dir='ltr'>validior</span> <span class='ocrx_word' id='word_1_135' title='bbox 1532 1376 1610 1445; x_wconf 90' lang='lat' dir='ltr'>erat,</span> <span class='ocrx_word' id='word_1_136' title='bbox 1633 1371 1799 1453; x_wconf 81' lang='lat' dir='ltr'>praevaluit</span> <span class='ocrx_word' id='word_1_137' title='bbox 1822 1377 1854 1438; x_wconf 88' lang='lat' dir='ltr'>et</span> 
     </span>
     <span class='ocr_line' id='line_1_13' title="bbox 161 1472 445 1560; baseline 0.011 -27"><span class='ocrx_word' id='word_1_138' title='bbox 161 1473 208 1533; x_wconf 80' lang='lat'>25</span> <span class='ocrx_word' id='word_1_139' title='bbox 228 1472 370 1560; x_wconf 79' lang='lat' dir='ltr'>ingressa</span> <span class='ocrx_word' id='word_1_140' title='bbox 384 1477 445 1536; x_wconf 89' lang='lat' dir='ltr'>est.</span> 
     </span>
    </p>

    <p class='ocr_par' dir='ltr' id='par_1_3' title="bbox 224 1579 1865 1987">
     <span class='ocr_line' id='line_1_14' title="bbox 269 1579 1865 1666; baseline 0.007 -25"><span class='ocrx_word' id='word_1_141' title='bbox 269 1583 352 1643; x_wconf 75' lang='lat' dir='ltr'><strong><em>m</em></strong></span> <span class='ocrx_word' id='word_1_142' title='bbox 373 1581 441 1655; x_wconf 87' lang='lat' dir='ltr'>Ouo</span> <span class='ocrx_word' id='word_1_143' title='bbox 475 1579 616 1662; x_wconf 88' lang='lat' dir='ltr'>ingresso</span> <span class='ocrx_word' id='word_1_144' title='bbox 651 1600 732 1644; x_wconf 89' lang='lat' dir='ltr'>unus</span> <span class='ocrx_word' id='word_1_145' title='bbox 754 1601 771 1644; x_wconf 91' lang='grc' dir='ltr'>ε</span> <span class='ocrx_word' id='word_1_146' title='bbox 792 1581 916 1645; x_wconf 91' lang='lat' dir='ltr'>duobus</span> <span class='ocrx_word' id='word_1_147' title='bbox 951 1583 1069 1659; x_wconf 91' lang='lat' dir='ltr'>electis,</span> <span class='ocrx_word' id='word_1_148' title='bbox 1105 1583 1138 1646; x_wconf 92' lang='lat' dir='ltr'>id</span> <span class='ocrx_word' id='word_1_149' title='bbox 1173 1589 1221 1646; x_wconf 90' lang='lat' dir='ltr'>est</span> <span class='ocrx_word' id='word_1_150' title='bbox 1257 1583 1443 1648; x_wconf 85' lang='lat' dir='ltr'>&#39;theodorus</span> <span class='ocrx_word' id='word_1_151' title='bbox 1479 1583 1744 1666; x_wconf 85' lang='lat' dir='ltr'>archipresbyter,</span> <span class='ocrx_word' id='word_1_152' title='bbox 1766 1583 1865 1652; x_wconf 89' lang='lat' dir='ltr'>illico</span> 
     </span>
     <span class='ocr_line' id='line_1_15' title="bbox 226 1687 1852 1774; baseline 0.005 -24"><span class='ocrx_word' id='word_1_153' title='bbox 226 1687 367 1774; x_wconf 84' lang='lat' dir='ltr'>quiverit</span> <span class='ocrx_word' id='word_1_154' title='bbox 387 1707 424 1750; x_wconf 89' lang='lat' dir='ltr'>ac</span> <span class='ocrx_word' id='word_1_155' title='bbox 445 1707 477 1751; x_wconf 90' lang='lat' dir='ltr'>se</span> <span class='ocrx_word' id='word_1_156' title='bbox 507 1689 697 1752; x_wconf 87' lang='lat' dir='ltr'>humiliavit.</span> <span class='ocrx_word' id='word_1_157' title='bbox 719 1691 759 1752; x_wconf 80' lang='lat' dir='ltr'>ut</span> <span class='ocrx_word' id='word_1_158' title='bbox 792 1691 953 1770; x_wconf 89' lang='lat' dir='ltr'>ingressus</span> <span class='ocrx_word' id='word_1_159' title='bbox 987 1692 1229 1755; x_wconf 90' lang='lat' dir='ltr'>denominatum</span> <span class='ocrx_word' id='word_1_160' title='bbox 1263 1693 1497 1755; x_wconf 86' lang='lat' dir='ltr'>sanctissimum</span> <span class='ocrx_word' id='word_1_161' title='bbox 1532 1693 1667 1755; x_wconf 90' lang='lat' dir='ltr'>electum</span> <span class='ocrx_word' id='word_1_162' title='bbox 1701 1693 1852 1758; x_wconf 87' lang='lat' dir='ltr'>salutavit</span> 
     </span>
     <span class='ocr_line' id='line_1_16' title="bbox 225 1795 1851 1876; baseline 0.004 -19"><span class='ocrx_word' id='word_1_163' title='bbox 225 1813 263 1858; x_wconf 90' lang='lat' dir='ltr'>ac</span> <span class='ocrx_word' id='word_1_164' title='bbox 283 1795 442 1859; x_wconf 89' lang='lat' dir='ltr'>osculatus</span> <span class='ocrx_word' id='word_1_165' title='bbox 462 1800 520 1859; x_wconf 92' lang='lat' dir='ltr'>est.</span> <span class='ocrx_word' id='word_1_166' title='bbox 541 1797 728 1860; x_wconf 88' lang='lat' dir='ltr'>Paschalem</span> <span class='ocrx_word' id='word_1_167' title='bbox 750 1815 824 1858; x_wconf 89' lang='lat' dir='ltr'>vero</span> <span class='ocrx_word' id='word_1_168' title='bbox 852 1799 940 1860; x_wconf 91' lang='lat' dir='ltr'>nullo</span> <span class='ocrx_word' id='word_1_169' title='bbox 973 1799 1066 1861; x_wconf 90' lang='lat' dir='ltr'>modo</span> <span class='ocrx_word' id='word_1_170' title='bbox 1096 1800 1200 1862; x_wconf 89' lang='lat' dir='ltr'>cordis</span> <span class='ocrx_word' id='word_1_171' title='bbox 1235 1800 1352 1861; x_wconf 88' lang='lat' dir='ltr'>duritia</span> <span class='ocrx_word' id='word_1_172' title='bbox 1385 1798 1419 1861; x_wconf 92' lang='lat' dir='ltr'>id</span> <span class='ocrx_word' id='word_1_173' title='bbox 1453 1801 1556 1861; x_wconf 89' lang='lat' dir='ltr'>lacera</span> <span class='ocrx_word' id='word_1_174' title='bbox 1591 1799 1727 1876; x_wconf 86' lang='lat' dir='ltr'>sinebat,</span> <span class='ocrx_word' id='word_1_175' title='bbox 1749 1801 1851 1866; x_wconf 91' lang='lat' dir='ltr'>donec</span> 
     </span>
     <span class='ocr_line' id='line_1_17' title="bbox 224 1903 1852 1987; baseline 0.004 -22"><span class='ocrx_word' id='word_1_176' title='bbox 224 1908 354 1966; x_wconf 85' lang='lat' dir='ltr'>coactus</span> <span class='ocrx_word' id='word_1_177' title='bbox 374 1909 406 1966; x_wconf 89' lang='lat' dir='ltr'>et</span> <span class='ocrx_word' id='word_1_178' title='bbox 425 1905 585 1980; x_wconf 83' lang='lat' dir='ltr'>confusus,</span> <span class='ocrx_word' id='word_1_179' title='bbox 608 1903 717 1967; x_wconf 86' lang='lat' dir='ltr'>volens</span> <span class='ocrx_word' id='word_1_180' title='bbox 738 1904 858 1980; x_wconf 89' lang='lat' dir='ltr'>nolens,</span> <span class='ocrx_word' id='word_1_181' title='bbox 882 1925 974 1968; x_wconf 89' lang='lat' dir='ltr'>suum</span> <span class='ocrx_word' id='word_1_182' title='bbox 997 1905 1161 1969; x_wconf 90' lang='lat' dir='ltr'>dominum</span> <span class='ocrx_word' id='word_1_183' title='bbox 1192 1913 1224 1969; x_wconf 88' lang='lat' dir='ltr'>et</span> <span class='ocrx_word' id='word_1_184' title='bbox 1253 1906 1388 1970; x_wconf 90' lang='lat' dir='ltr'>electum</span> <span class='ocrx_word' id='word_1_185' title='bbox 1418 1906 1578 1987; x_wconf 87' lang='lat' dir='ltr'>ingressus</span> <span class='ocrx_word' id='word_1_186' title='bbox 1607 1907 1769 1969; x_wconf 89' lang='lat' dir='ltr'>salutaret.</span> <span class='ocrx_word' id='word_1_187' title='bbox 1792 1908 1852 1981; x_wconf 84' lang='lat' dir='ltr'>Oui</span> 
     </span>
    </p>

    <p class='ocr_par' dir='ltr' id='par_1_4' title="bbox 182 2010 1851 2524">
     <span class='ocr_line' id='line_1_18' title="bbox 182 2010 1849 2096; baseline 0.004 -25"><span class='ocrx_word' id='word_1_188' title='bbox 182 2011 322 2073; x_wconf 72' lang='lat' dir='ltr'>Setiam</span> <span class='ocrx_word' id='word_1_189' title='bbox 351 2011 513 2074; x_wconf 84' lang='lat' dir='ltr'>Paschalis</span> <span class='ocrx_word' id='word_1_190' title='bbox 542 2010 687 2074; x_wconf 90' lang='lat' dir='ltr'>clanculo</span> <span class='ocrx_word' id='word_1_191' title='bbox 717 2030 782 2074; x_wconf 92' lang='lat' dir='ltr'>non</span> <span class='ocrx_word' id='word_1_192' title='bbox 808 2014 940 2075; x_wconf 85' lang='lat' dir='ltr'>cessavit</span> <span class='ocrx_word' id='word_1_193' title='bbox 963 2015 1145 2076; x_wconf 84' lang='lat' dir='ltr'>Ravennam</span> <span class='ocrx_word' id='word_1_194' title='bbox 1167 2031 1241 2076; x_wconf 90' lang='lat' dir='ltr'>suos</span> <span class='ocrx_word' id='word_1_195' title='bbox 1263 2015 1387 2076; x_wconf 90' lang='lat' dir='ltr'>mittere</span> <span class='ocrx_word' id='word_1_196' title='bbox 1407 2015 1529 2088; x_wconf 89' lang='lat' dir='ltr'>missos,</span> <span class='ocrx_word' id='word_1_197' title='bbox 1553 2015 1771 2095; x_wconf 85' lang='lat' dir='ltr'>promissaque</span> <span class='ocrx_word' id='word_1_198' title='bbox 1792 2034 1849 2096; x_wconf 88' lang='lat' dir='ltr'>pe-</span> 
     </span>
     <span class='ocr_line' id='line_1_19' title="bbox 225 2117 1847 2203; baseline 0.002 -23"><span class='ocrx_word' id='word_1_199' title='bbox 225 2117 319 2181; x_wconf 91' lang='lat' dir='ltr'>cunia</span> <span class='ocrx_word' id='word_1_200' title='bbox 340 2119 389 2181; x_wconf 89' lang='lat' dir='ltr'>vel</span> <span class='ocrx_word' id='word_1_201' title='bbox 424 2119 493 2181; x_wconf 90' lang='lat' dir='ltr'>aliis</span> <span class='ocrx_word' id='word_1_202' title='bbox 527 2117 657 2182; x_wconf 90' lang='lat' dir='ltr'>diversis</span> <span class='ocrx_word' id='word_1_203' title='bbox 684 2119 787 2194; x_wconf 88' lang='lat' dir='ltr'>donis,</span> <span class='ocrx_word' id='word_1_204' title='bbox 809 2119 964 2182; x_wconf 82' lang='lat' dir='ltr'>loannem</span> <span class='ocrx_word' id='word_1_205' title='bbox 1000 2121 1167 2202; x_wconf 87' lang='lat' dir='ltr'>patricium</span> <span class='ocrx_word' id='word_1_206' title='bbox 1203 2127 1235 2183; x_wconf 90' lang='lat' dir='ltr'>et</span> <span class='ocrx_word' id='word_1_207' title='bbox 1269 2121 1454 2196; x_wconf 86' lang='lat' dir='ltr'>exarchum,</span> <span class='ocrx_word' id='word_1_208' title='bbox 1478 2128 1687 2200; x_wconf 89' lang='lat' dir='ltr'>cognomento</span> <span class='ocrx_word' id='word_1_209' title='bbox 1721 2122 1847 2203; x_wconf 84' lang='lat' dir='ltr'>Platyn,</span> 
     </span>
     <span class='ocr_line' id='line_1_20' title="bbox 224 2225 1851 2309; baseline 0.002 -20"><span class='ocrx_word' id='word_1_210' title='bbox 224 2245 297 2289; x_wconf 90' lang='lat' dir='ltr'>cum</span> <span class='ocrx_word' id='word_1_211' title='bbox 328 2225 391 2287; x_wconf 90' lang='lat' dir='ltr'>suis</span> <span class='ocrx_word' id='word_1_212' title='bbox 417 2225 588 2307; x_wconf 86' lang='lat' dir='ltr'>judicibus,</span> <span class='ocrx_word' id='word_1_213' title='bbox 612 2227 739 2288; x_wconf 90' lang='lat' dir='ltr'>nemine</span> <span class='ocrx_word' id='word_1_214' title='bbox 761 2226 889 2300; x_wconf 90' lang='lat' dir='ltr'>sciente,</span> <span class='ocrx_word' id='word_1_215' title='bbox 914 2231 1047 2290; x_wconf 83' lang='lat' dir='ltr'>Romam</span> <span class='ocrx_word' id='word_1_216' title='bbox 1069 2229 1176 2290; x_wconf 88' lang='lat' dir='ltr'>venire</span> <span class='ocrx_word' id='word_1_217' title='bbox 1192 2229 1394 2309; x_wconf 90' lang='lat' dir='ltr'>persuadere.</span> <span class='ocrx_word' id='word_1_218' title='bbox 1420 2229 1479 2302; x_wconf 84' lang='lat' dir='ltr'>Oui</span> <span class='ocrx_word' id='word_1_219' title='bbox 1500 2229 1544 2290; x_wconf 88' lang='lat' dir='ltr'>sic</span> <span class='ocrx_word' id='word_1_220' title='bbox 1567 2229 1672 2305; x_wconf 81' lang='lat' dir='ltr'>abdite</span> <span class='ocrx_word' id='word_1_221' title='bbox 1694 2229 1792 2304; x_wconf 90' lang='lat' dir='ltr'>venit,</span> <span class='ocrx_word' id='word_1_222' title='bbox 1815 2234 1851 2292; x_wconf 92' lang='lat' dir='ltr'>ut</span> 
     </span>
     <span class='ocr_line' id='line_1_21' title="bbox 222 2331 1848 2416; baseline 0.001 -20"><span class='ocrx_word' id='word_1_223' title='bbox 222 2353 282 2396; x_wconf 91' lang='lat' dir='ltr'>nec</span> <span class='ocrx_word' id='word_1_224' title='bbox 302 2335 404 2414; x_wconf 88' lang='lat' dir='ltr'>signa,</span> <span class='ocrx_word' id='word_1_225' title='bbox 426 2353 485 2396; x_wconf 92' lang='lat' dir='ltr'>nec</span> <span class='ocrx_word' id='word_1_226' title='bbox 501 2333 611 2396; x_wconf 86' lang='lat' dir='ltr'>¹banda</span> <span class='ocrx_word' id='word_1_227' title='bbox 631 2351 702 2394; x_wconf 92' lang='lat' dir='ltr'>cum</span> <span class='ocrx_word' id='word_1_228' title='bbox 726 2334 838 2396; x_wconf 88' lang='lat' dir='ltr'>militia</span> <span class='ocrx_word' id='word_1_229' title='bbox 858 2331 993 2396; x_wconf 79' lang='lat' dir='ltr'>Romani</span> <span class='ocrx_word' id='word_1_230' title='bbox 1014 2336 1173 2397; x_wconf 80' lang='lat' dir='ltr'>exereitus</span> <span class='ocrx_word' id='word_1_231' title='bbox 1193 2335 1404 2397; x_wconf 88' lang='lat' dir='ltr'>occurrissent</span> <span class='ocrx_word' id='word_1_232' title='bbox 1424 2335 1453 2398; x_wconf 92' lang='lat' dir='ltr'>ei</span> <span class='ocrx_word' id='word_1_233' title='bbox 1471 2333 1565 2416; x_wconf 85' lang='lat' dir='ltr'>juxta</span> <span class='ocrx_word' id='word_1_234' title='bbox 1586 2335 1848 2398; x_wconf 89' lang='lat' dir='ltr'>consuetudinem</span> 
     </span>
     <span class='ocr_line' id='line_1_22' title="bbox 221 2440 1849 2524; baseline 0.002 -21"><span class='ocrx_word' id='word_1_235' title='bbox 221 2441 255 2503; x_wconf 93' lang='lat' dir='ltr'>in</span> <span class='ocrx_word' id='word_1_236' title='bbox 277 2441 468 2523; x_wconf 89' lang='lat' dir='ltr'>competenti</span> <span class='ocrx_word' id='word_1_237' title='bbox 489 2442 570 2516; x_wconf 93' lang='lat' dir='ltr'>loco,</span> <span class='ocrx_word' id='word_1_238' title='bbox 594 2441 654 2502; x_wconf 86' lang='lat' dir='ltr'>nisi</span> <span class='ocrx_word' id='word_1_239' title='bbox 674 2459 693 2502; x_wconf 90' lang='lat' dir='ltr'>a</span> <span class='ocrx_word' id='word_1_240' title='bbox 714 2440 756 2522; x_wconf 76' lang='lat' dir='ltr'>(s)</span> <span class='ocrx_word' id='word_1_241' title='bbox 777 2441 956 2524; x_wconf 88' lang='lat' dir='ltr'>propinquo</span> <span class='ocrx_word' id='word_1_242' title='bbox 977 2443 1128 2504; x_wconf 76' lang='lat' dir='ltr'>Romana</span> <span class='ocrx_word' id='word_1_243' title='bbox 1150 2443 1298 2504; x_wconf 88' lang='lat' dir='ltr'>civitatis.</span> <span class='ocrx_word' id='word_1_244' title='bbox 1320 2443 1380 2516; x_wconf 84' lang='lat' dir='ltr'>Qui</span> <span class='ocrx_word' id='word_1_245' title='bbox 1401 2443 1477 2503; x_wconf 90' lang='lat' dir='ltr'>dum</span> <span class='ocrx_word' id='word_1_246' title='bbox 1508 2442 1646 2505; x_wconf 90' lang='lat' dir='ltr'>venisset</span> <span class='ocrx_word' id='word_1_247' title='bbox 1678 2446 1710 2506; x_wconf 88' lang='lat' dir='ltr'>et</span> <span class='ocrx_word' id='word_1_248' title='bbox 1739 2459 1849 2506; x_wconf 88' lang='lat' dir='ltr'>omnes</span> 
     </span>
    </p>

    <p class='ocr_par' dir='ltr' id='par_1_5' title="bbox 78 2543 1932 4770">
     <span class='ocr_line' id='line_1_23' title="bbox 159 2543 1848 2632; baseline 0.002 -22"><span class='ocrx_word' id='word_1_249' title='bbox 159 2543 200 2610; x_wconf 88' lang='lat' dir='ltr'>l0</span> <span class='ocrx_word' id='word_1_250' title='bbox 222 2549 256 2612; x_wconf 93' lang='lat' dir='ltr'>in</span> <span class='ocrx_word' id='word_1_251' title='bbox 279 2567 445 2630; x_wconf 88' lang='lat' dir='ltr'>personam</span> <span class='ocrx_word' id='word_1_252' title='bbox 468 2547 569 2628; x_wconf 87' lang='lat' dir='ltr'>Sergii</span> <span class='ocrx_word' id='word_1_253' title='bbox 590 2547 777 2610; x_wconf 86' lang='lat' dir='ltr'>sanctissimi</span> <span class='ocrx_word' id='word_1_254' title='bbox 798 2549 969 2612; x_wconf 87' lang='lat' dir='ltr'>invenisset</span> <span class='ocrx_word' id='word_1_255' title='bbox 990 2551 1195 2624; x_wconf 87' lang='lat' dir='ltr'>consensisse,</span> <span class='ocrx_word' id='word_1_256' title='bbox 1217 2550 1265 2612; x_wconf 94' lang='lat' dir='ltr'>illi</span> <span class='ocrx_word' id='word_1_257' title='bbox 1287 2549 1414 2632; x_wconf 89' lang='lat' dir='ltr'>quidem</span> <span class='ocrx_word' id='word_1_258' title='bbox 1443 2549 1611 2629; x_wconf 79' lang='lat' dir='ltr'>suffragari</span> <span class='ocrx_word' id='word_1_259' title='bbox 1641 2569 1705 2612; x_wconf 88' lang='lat' dir='ltr'>uon</span> <span class='ocrx_word' id='word_1_260' title='bbox 1735 2550 1848 2614; x_wconf 86' lang='lat' dir='ltr'>voluit.</span> 
     </span>
     <span class='ocr_line' id='line_1_24' title="bbox 220 2655 1844 2737; baseline -0.001 -18"><span class='ocrx_word' id='word_1_261' title='bbox 220 2655 369 2719; x_wconf 75' lang='lat' dir='ltr'>Ecclesia</span> <span class='ocrx_word' id='word_1_262' title='bbox 391 2661 498 2718; x_wconf 88' lang='lat' dir='ltr'>tamen</span> <span class='ocrx_word' id='word_1_263' title='bbox 525 2655 611 2718; x_wconf 91' lang='lat' dir='ltr'>beati</span> <span class='ocrx_word' id='word_1_264' title='bbox 638 2655 724 2716; x_wconf 85' lang='lat' dir='ltr'>Petri</span> <span class='ocrx_word' id='word_1_265' title='bbox 758 2657 893 2736; x_wconf 90' lang='lat' dir='ltr'>apostoli</span> <span class='ocrx_word' id='word_1_266' title='bbox 927 2656 1011 2718; x_wconf 87' lang='lat' dir='ltr'>idam</span> <span class='ocrx_word' id='word_1_267' title='bbox 1044 2655 1200 2718; x_wconf 84' lang='lat' dir='ltr'>exarchus</span> <span class='ocrx_word' id='word_1_268' title='bbox 1234 2673 1292 2737; x_wconf 89' lang='lat' dir='ltr'>per</span> <span class='ocrx_word' id='word_1_269' title='bbox 1326 2655 1467 2736; x_wconf 86' lang='lat' dir='ltr'>ejusdem</span> <span class='ocrx_word' id='word_1_270' title='bbox 1488 2655 1651 2719; x_wconf 83' lang='lat' dir='ltr'>Paschalis</span> <span class='ocrx_word' id='word_1_271' title='bbox 1673 2657 1844 2733; x_wconf 88' lang='lat' dir='ltr'>miseriam,</span> 
     </span>
     <span class='ocr_line' id='line_1_25' title="bbox 221 2761 1846 2844; baseline 0.001 -20"><span class='ocrx_word' id='word_1_272' title='bbox 221 2761 414 2844; x_wconf 86' lang='lat' dir='ltr'>stipendium</span> <span class='ocrx_word' id='word_1_273' title='bbox 437 2767 469 2825; x_wconf 89' lang='lat' dir='ltr'>et</span> <span class='ocrx_word' id='word_1_274' title='bbox 489 2763 640 2826; x_wconf 89' lang='lat' dir='ltr'>damnum</span> <span class='ocrx_word' id='word_1_275' title='bbox 662 2761 781 2838; x_wconf 90' lang='lat' dir='ltr'>intulit,</span> <span class='ocrx_word' id='word_1_276' title='bbox 804 2763 890 2843; x_wconf 90' lang='lat' dir='ltr'>quod</span> <span class='ocrx_word' id='word_1_277' title='bbox 913 2761 954 2844; x_wconf 74' lang='lat' dir='ltr'>(p)</span> <span class='ocrx_word' id='word_1_278' title='bbox 976 2763 1016 2824; x_wconf 91' lang='lat' dir='ltr'>ab</span> <span class='ocrx_word' id='word_1_279' title='bbox 1045 2763 1156 2826; x_wconf 89' lang='lat' dir='ltr'>eodem</span> <span class='ocrx_word' id='word_1_280' title='bbox 1186 2763 1333 2824; x_wconf 87' lang='lat' dir='ltr'>Paschali</span> <span class='ocrx_word' id='word_1_281' title='bbox 1363 2763 1577 2843; x_wconf 85' lang='lat' dir='ltr'>suprascripto</span> <span class='ocrx_word' id='word_1_282' title='bbox 1608 2761 1745 2825; x_wconf 83' lang='lat' dir='ltr'>exarcho</span> <span class='ocrx_word' id='word_1_283' title='bbox 1772 2781 1846 2844; x_wconf 87' lang='lat' dir='ltr'>pro·</span> 
     </span>
     <span class='ocr_line' id='line_1_26' title="bbox 121 2866 1847 2952; baseline 0 -20"><span class='ocrx_word' id='word_1_284' title='bbox 121 2866 126 2870; x_wconf 77' lang='grc'><strong>’</strong></span> <span class='ocrx_word' id='word_1_285' title='bbox 222 2870 354 2932; x_wconf 88' lang='lat' dir='ltr'>missum</span> <span class='ocrx_word' id='word_1_286' title='bbox 376 2871 490 2946; x_wconf 85' lang='lat' dir='ltr'>iuerat,</span> <span class='ocrx_word' id='word_1_287' title='bbox 512 2869 545 2932; x_wconf 91' lang='lat' dir='ltr'>id</span> <span class='ocrx_word' id='word_1_288' title='bbox 567 2873 613 2932; x_wconf 89' lang='lat' dir='ltr'>est</span> <span class='ocrx_word' id='word_1_289' title='bbox 641 2875 767 2932; x_wconf 88' lang='lat' dir='ltr'>centum</span> <span class='ocrx_word' id='word_1_290' title='bbox 799 2870 868 2932; x_wconf 86' lang='lat' dir='ltr'>auri</span> <span class='ocrx_word' id='word_1_291' title='bbox 898 2869 1052 2933; x_wconf 89' lang='lat' dir='ltr'>librarum</span> <span class='ocrx_word' id='word_1_292' title='bbox 1075 2889 1093 2932; x_wconf 93' lang='lat' dir='ltr'>a</span> <span class='ocrx_word' id='word_1_293' title='bbox 1114 2875 1204 2952; x_wconf 90' lang='lat' dir='ltr'>parte</span> <span class='ocrx_word' id='word_1_294' title='bbox 1235 2869 1382 2932; x_wconf 73' lang='lat' dir='ltr'>Ecclesia</span> <span class='ocrx_word' id='word_1_295' title='bbox 1413 2873 1591 2951; x_wconf 86' lang='lat' dir='ltr'>expetente,</span> <span class='ocrx_word' id='word_1_296' title='bbox 1615 2869 1725 2950; x_wconf 88' lang='lat' dir='ltr'>Sergio</span> <span class='ocrx_word' id='word_1_297' title='bbox 1755 2888 1847 2932; x_wconf 89' lang='lat' dir='ltr'>sanc·</span> 
     </span>
     <span class='ocr_line' id='line_1_27' title="bbox 223 2975 1845 3059; baseline 0 -20"><span class='ocrx_word' id='word_1_298' title='bbox 223 2977 344 3041; x_wconf 87' lang='lat' dir='ltr'>tissimo</span> <span class='ocrx_word' id='word_1_299' title='bbox 365 2979 464 3041; x_wconf 91' lang='lat' dir='ltr'>electo</span> <span class='ocrx_word' id='word_1_300' title='bbox 485 2978 701 3059; x_wconf 88' lang='lat' dir='ltr'>proclamante</span> <span class='ocrx_word' id='word_1_301' title='bbox 722 2979 808 3059; x_wconf 89' lang='lat' dir='ltr'>quod</span> <span class='ocrx_word' id='word_1_302' title='bbox 836 2997 938 3058; x_wconf 89' lang='lat' dir='ltr'>neque</span> <span class='ocrx_word' id='word_1_303' title='bbox 969 2977 1165 3059; x_wconf 90' lang='lat' dir='ltr'>promisisset</span> <span class='ocrx_word' id='word_1_304' title='bbox 1194 2978 1281 3051; x_wconf 91' lang='lat' dir='ltr'>dare,</span> <span class='ocrx_word' id='word_1_305' title='bbox 1306 2997 1408 3059; x_wconf 90' lang='lat' dir='ltr'>neque</span> <span class='ocrx_word' id='word_1_306' title='bbox 1440 2975 1630 3058; x_wconf 89' lang='lat' dir='ltr'>possibilitas</span> <span class='ocrx_word' id='word_1_307' title='bbox 1651 2977 1748 3039; x_wconf 88' lang='lat' dir='ltr'>dandi</span> <span class='ocrx_word' id='word_1_308' title='bbox 1769 2995 1845 3059; x_wconf 87' lang='lat' dir='ltr'>sup-</span> 
     </span>
     <span class='ocr_line' id='line_1_28' title="bbox 158 3067 1845 3168; baseline 0.001 -22"><span class='ocrx_word' id='word_1_309' title='bbox 158 3087 201 3146; x_wconf 76' lang='lat'>15</span> <span class='ocrx_word' id='word_1_310' title='bbox 223 3089 323 3168; x_wconf 92' lang='lat' dir='ltr'>petat,</span> <span class='ocrx_word' id='word_1_311' title='bbox 346 3090 378 3148; x_wconf 92' lang='lat' dir='ltr'>et</span> <span class='ocrx_word' id='word_1_312' title='bbox 398 3090 433 3147; x_wconf 90' lang='lat' dir='ltr'>ut</span> <span class='ocrx_word' id='word_1_313' title='bbox 453 3067 494 3146; x_wconf 84' lang='lat' dir='ltr'>ad</span> <span class='ocrx_word' id='word_1_314' title='bbox 515 3085 793 3167; x_wconf 88' lang='lat' dir='ltr'>compunctionem</span> <span class='ocrx_word' id='word_1_315' title='bbox 828 3085 949 3147; x_wconf 86' lang='lat' dir='ltr'>animos</span> <span class='ocrx_word' id='word_1_316' title='bbox 984 3085 1157 3147; x_wconf 86' lang='lat' dir='ltr'>videntium</span> <span class='ocrx_word' id='word_1_317' title='bbox 1193 3088 1417 3158; x_wconf 87' lang='lat' dir='ltr'>commoveret,</span> <span class='ocrx_word' id='word_1_318' title='bbox 1441 3085 1611 3148; x_wconf 86' lang='lat' dir='ltr'>cantharus</span> <span class='ocrx_word' id='word_1_319' title='bbox 1646 3088 1678 3147; x_wconf 90' lang='lat' dir='ltr'>et</span> <span class='ocrx_word' id='word_1_320' title='bbox 1698 3103 1845 3163; x_wconf 87' lang='lat' dir='ltr'>coronas,</span> 
     </span>
     <span class='ocr_line' id='line_1_29' title="bbox 224 3191 1846 3274; baseline 0.001 -20"><span class='ocrx_word' id='word_1_321' title='bbox 224 3211 295 3274; x_wconf 86' lang='lat' dir='ltr'>quae</span> <span class='ocrx_word' id='word_1_322' title='bbox 317 3195 391 3255; x_wconf 89' lang='lat' dir='ltr'>ante</span> <span class='ocrx_word' id='word_1_323' title='bbox 411 3210 536 3256; x_wconf 89' lang='lat' dir='ltr'>sacrum</span> <span class='ocrx_word' id='word_1_324' title='bbox 558 3191 657 3254; x_wconf 84' lang='lat' dir='ltr'>altare</span> <span class='ocrx_word' id='word_1_325' title='bbox 679 3197 710 3254; x_wconf 91' lang='lat' dir='ltr'>et</span> <span class='ocrx_word' id='word_1_326' title='bbox 730 3192 957 3256; x_wconf 78' lang='lat' dir='ltr'>confessionem</span> <span class='ocrx_word' id='word_1_327' title='bbox 980 3191 1065 3255; x_wconf 87' lang='lat' dir='ltr'>besti</span> <span class='ocrx_word' id='word_1_328' title='bbox 1085 3192 1171 3255; x_wconf 91' lang='lat' dir='ltr'>Petri</span> <span class='ocrx_word' id='word_1_329' title='bbox 1192 3192 1327 3274; x_wconf 88' lang='lat' dir='ltr'>apostoli</span> <span class='ocrx_word' id='word_1_330' title='bbox 1349 3211 1387 3254; x_wconf 84' lang='lat' dir='ltr'>ex</span> <span class='ocrx_word' id='word_1_331' title='bbox 1412 3192 1544 3273; x_wconf 89' lang='lat' dir='ltr'>antiquo</span> <span class='ocrx_word' id='word_1_332' title='bbox 1575 3192 1767 3274; x_wconf 86' lang='lat' dir='ltr'>pendebant,</span> <span class='ocrx_word' id='word_1_333' title='bbox 1790 3193 1846 3255; x_wconf 87' lang='lat' dir='ltr'>da·</span> 
     </span>
     <span class='ocr_line' id='line_1_30' title="bbox 158 3281 1845 3382; baseline 0.001 -22"><span class='ocrx_word' id='word_1_334' title='bbox 158 3281 161 3286; x_wconf 40' lang='lat'><em>¹</em></span> <span class='ocrx_word' id='word_1_335' title='bbox 222 3290 299 3382; x_wconf 88' lang='lat' dir='ltr'>poni</span> <span class='ocrx_word' id='word_1_336' title='bbox 319 3299 394 3362; x_wconf 89' lang='lat' dir='ltr'>lecit</span> <span class='ocrx_word' id='word_1_337' title='bbox 414 3303 444 3362; x_wconf 86' lang='lat' dir='ltr'>et</span> <span class='ocrx_word' id='word_1_338' title='bbox 466 3299 593 3382; x_wconf 92' lang='lat' dir='ltr'>pignori</span> <span class='ocrx_word' id='word_1_339' title='bbox 613 3299 705 3362; x_wconf 89' lang='lat' dir='ltr'>tradi.</span> <span class='ocrx_word' id='word_1_340' title='bbox 729 3301 790 3363; x_wconf 88' lang='lat' dir='ltr'>Sed</span> <span class='ocrx_word' id='word_1_341' title='bbox 807 3319 864 3362; x_wconf 90' lang='lat' dir='ltr'>uec</span> <span class='ocrx_word' id='word_1_342' title='bbox 895 3300 928 3361; x_wconf 92' lang='lat' dir='ltr'>in</span> <span class='ocrx_word' id='word_1_343' title='bbox 958 3299 1019 3362; x_wconf 91' lang='lat' dir='ltr'>hoc</span> <span class='ocrx_word' id='word_1_344' title='bbox 1054 3299 1137 3361; x_wconf 81' lang='lat' dir='ltr'>llexa</span> <span class='ocrx_word' id='word_1_345' title='bbox 1171 3306 1218 3362; x_wconf 89' lang='lat' dir='ltr'>est</span> <span class='ocrx_word' id='word_1_346' title='bbox 1252 3297 1394 3381; x_wconf 82' lang='lat' dir='ltr'>ejusdem</span> <span class='ocrx_word' id='word_1_347' title='bbox 1429 3299 1557 3362; x_wconf 86' lang='lat' dir='ltr'>exarchi</span> <span class='ocrx_word' id='word_1_348' title='bbox 1591 3297 1718 3373; x_wconf 91' lang='lat' dir='ltr'>duritia,</span> <span class='ocrx_word' id='word_1_349' title='bbox 1742 3299 1845 3362; x_wconf 88' lang='lat' dir='ltr'>donec</span> 
     </span>
     <span class='ocr_line' id='line_1_31' title="bbox 125 3403 1845 3489; baseline 0 -20"><span class='ocrx_word' id='word_1_350' title='bbox 125 3408 131 3432; x_wconf 72' lang='lat'><strong>²</strong></span> <span class='ocrx_word' id='word_1_351' title='bbox 221 3412 360 3483; x_wconf 91' lang='lat' dir='ltr'>centum,</span> <span class='ocrx_word' id='word_1_352' title='bbox 383 3412 419 3468; x_wconf 89' lang='lat' dir='ltr'>ut</span> <span class='ocrx_word' id='word_1_353' title='bbox 438 3403 557 3469; x_wconf 88' lang='lat' dir='ltr'>dictum</span> <span class='ocrx_word' id='word_1_354' title='bbox 579 3411 637 3482; x_wconf 90' lang='lat' dir='ltr'>est,</span> <span class='ocrx_word' id='word_1_355' title='bbox 660 3406 812 3468; x_wconf 88' lang='lat' dir='ltr'>librarum</span> <span class='ocrx_word' id='word_1_356' title='bbox 834 3406 874 3489; x_wconf 79' lang='lat' dir='ltr'>(t)</span> <span class='ocrx_word' id='word_1_357' title='bbox 898 3407 967 3469; x_wconf 90' lang='lat' dir='ltr'>auri</span> <span class='ocrx_word' id='word_1_358' title='bbox 989 3408 1120 3488; x_wconf 87' lang='lat' dir='ltr'>accepit.</span> <span class='ocrx_word' id='word_1_359' title='bbox 1143 3409 1182 3469; x_wconf 78' lang='lat' dir='ltr'>lit</span> <span class='ocrx_word' id='word_1_360' title='bbox 1201 3407 1286 3482; x_wconf 87' lang='lat' dir='ltr'>licet,</span> <span class='ocrx_word' id='word_1_361' title='bbox 1309 3412 1345 3469; x_wconf 95' lang='lat' dir='ltr'>ut</span> <span class='ocrx_word' id='word_1_362' title='bbox 1370 3407 1537 3487; x_wconf 76' lang='lat' dir='ltr'>prelatum</span> <span class='ocrx_word' id='word_1_363' title='bbox 1559 3406 1597 3488; x_wconf 73' lang='lat' dir='ltr'>(r)</span> <span class='ocrx_word' id='word_1_364' title='bbox 1617 3410 1673 3482; x_wconf 89' lang='lat' dir='ltr'>est,</span> <span class='ocrx_word' id='word_1_365' title='bbox 1697 3406 1845 3469; x_wconf 82' lang='lat' dir='ltr'>Ecclesiae</span> 
     </span>
     <span class='ocr_line' id='line_1_32' title="bbox 220 3511 1844 3596; baseline 0 -19"><span class='ocrx_word' id='word_1_366' title='bbox 220 3513 345 3590; x_wconf 80' lang='lat' dir='ltr'>Christi,</span> <span class='ocrx_word' id='word_1_367' title='bbox 367 3512 438 3576; x_wconf 90' lang='lat' dir='ltr'>ideo</span> <span class='ocrx_word' id='word_1_368' title='bbox 459 3512 500 3596; x_wconf 71' lang='lat' dir='ltr'>(p)</span> <span class='ocrx_word' id='word_1_369' title='bbox 523 3513 716 3576; x_wconf 87' lang='lat' dir='ltr'>miserrimus</span> <span class='ocrx_word' id='word_1_370' title='bbox 736 3513 898 3576; x_wconf 90' lang='lat' dir='ltr'>Paschalis</span> <span class='ocrx_word' id='word_1_371' title='bbox 919 3513 1119 3595; x_wconf 90' lang='lat' dir='ltr'>dispendium</span> <span class='ocrx_word' id='word_1_372' title='bbox 1140 3520 1172 3577; x_wconf 88' lang='lat' dir='ltr'>et</span> <span class='ocrx_word' id='word_1_373' title='bbox 1200 3514 1349 3576; x_wconf 89' lang='lat' dir='ltr'>damnum</span> <span class='ocrx_word' id='word_1_374' title='bbox 1380 3513 1484 3575; x_wconf 85' lang='lat' dir='ltr'>inhxit</span> <span class='ocrx_word' id='word_1_375' title='bbox 1505 3511 1558 3596; x_wconf 84' lang='lat' dir='ltr'>(lc),</span> <span class='ocrx_word' id='word_1_376' title='bbox 1581 3517 1689 3576; x_wconf 71' lang='lat' dir='ltr'>hmen</span> <span class='ocrx_word' id='word_1_377' title='bbox 1720 3511 1844 3577; x_wconf 81' lang='lat' dir='ltr'>Christo</span> 
     </span>
     <span class='ocr_line' id='line_1_33' title="bbox 156 3619 1843 3703; baseline 0 -19"><span class='ocrx_word' id='word_1_378' title='bbox 156 3623 199 3684; x_wconf 75' lang='lat'>20</span> <span class='ocrx_word' id='word_1_379' title='bbox 218 3621 345 3684; x_wconf 77' lang='lat' dir='ltr'>favente</span> <span class='ocrx_word' id='word_1_380' title='bbox 365 3619 494 3701; x_wconf 86' lang='lat' dir='ltr'>Sergius</span> <span class='ocrx_word' id='word_1_381' title='bbox 515 3621 678 3703; x_wconf 90' lang='lat' dir='ltr'>presbyter</span> <span class='ocrx_word' id='word_1_382' title='bbox 699 3625 730 3682; x_wconf 91' lang='lat' dir='ltr'>et</span> <span class='ocrx_word' id='word_1_383' title='bbox 750 3622 868 3683; x_wconf 89' lang='lat' dir='ltr'>electus</span> <span class='ocrx_word' id='word_1_384' title='bbox 888 3622 921 3683; x_wconf 94' lang='lat' dir='ltr'>in</span> <span class='ocrx_word' id='word_1_385' title='bbox 943 3621 1016 3684; x_wconf 88' lang='lat' dir='ltr'>sade</span> <span class='ocrx_word' id='word_1_386' title='bbox 1039 3621 1124 3683; x_wconf 89' lang='lat' dir='ltr'>beati</span> <span class='ocrx_word' id='word_1_387' title='bbox 1141 3621 1230 3692; x_wconf 88' lang='lat' dir='ltr'>Petri</span> <span class='ocrx_word' id='word_1_388' title='bbox 1260 3621 1395 3702; x_wconf 89' lang='lat' dir='ltr'>apostoli</span> <span class='ocrx_word' id='word_1_389' title='bbox 1425 3619 1568 3702; x_wconf 80' lang='lat' dir='ltr'>pontifex</span> <span class='ocrx_word' id='word_1_390' title='bbox 1597 3620 1762 3683; x_wconf 88' lang='lat' dir='ltr'>ordinatus</span> <span class='ocrx_word' id='word_1_391' title='bbox 1783 3624 1843 3685; x_wconf 85' lang='lat' dir='ltr'>est.</span> 
     </span>
     <span class='ocr_line' id='line_1_34' title="bbox 216 3725 1842 3808; baseline -0.001 -18"><span class='ocrx_word' id='word_1_392' title='bbox 216 3726 391 3790; x_wconf 83' lang='lat' dir='ltr'>Praedictus</span> <span class='ocrx_word' id='word_1_393' title='bbox 406 3745 479 3789; x_wconf 87' lang='lat' dir='ltr'>vero</span> <span class='ocrx_word' id='word_1_394' title='bbox 500 3725 660 3788; x_wconf 87' lang='lat' dir='ltr'>Paschalis</span> <span class='ocrx_word' id='word_1_395' title='bbox 690 3745 755 3789; x_wconf 91' lang='lat' dir='ltr'>non</span> <span class='ocrx_word' id='word_1_396' title='bbox 785 3731 858 3808; x_wconf 88' lang='lat' dir='ltr'>post</span> <span class='ocrx_word' id='word_1_397' title='bbox 887 3727 1022 3789; x_wconf 89' lang='lat' dir='ltr'>multum</span> <span class='ocrx_word' id='word_1_398' title='bbox 1057 3731 1193 3808; x_wconf 88' lang='lat' dir='ltr'>tempus,</span> <span class='ocrx_word' id='word_1_399' title='bbox 1216 3732 1248 3788; x_wconf 91' lang='lat' dir='ltr'>et</span> <span class='ocrx_word' id='word_1_400' title='bbox 1268 3726 1309 3788; x_wconf 89' lang='lat' dir='ltr'>ab</span> <span class='ocrx_word' id='word_1_401' title='bbox 1337 3726 1441 3789; x_wconf 90' lang='lat' dir='ltr'>ollicio</span> <span class='ocrx_word' id='word_1_402' title='bbox 1478 3725 1753 3788; x_wconf 84' lang='lat' dir='ltr'>archidiaconatus</span> <span class='ocrx_word' id='word_1_403' title='bbox 1783 3745 1842 3808; x_wconf 93' lang='lat' dir='ltr'>pro</span> 
     </span>
     <span class='ocr_line' id='line_1_35' title="bbox 128 3823 1843 3914; baseline -0.002 -17"><span class='ocrx_word' id='word_1_404' title='bbox 128 3823 133 3828; x_wconf 42' lang='lat'>⁵</span> <span class='ocrx_word' id='word_1_405' title='bbox 208 3831 375 3914; x_wconf 82' lang='lat' dir='ltr'>¹aliquibus</span> <span class='ocrx_word' id='word_1_406' title='bbox 395 3831 662 3896; x_wconf 88' lang='lat' dir='ltr'>incantationibus</span> <span class='ocrx_word' id='word_1_407' title='bbox 683 3837 715 3896; x_wconf 88' lang='lat' dir='ltr'>et</span> <span class='ocrx_word' id='word_1_408' title='bbox 736 3833 814 3895; x_wconf 91' lang='lat' dir='ltr'>lucis</span> <span class='ocrx_word' id='word_1_409' title='bbox 836 3833 873 3914; x_wconf 85' lang='lat' dir='ltr'>(l)</span> <span class='ocrx_word' id='word_1_410' title='bbox 894 3851 973 3914; x_wconf 89' lang='lat' dir='ltr'>quos</span> <span class='ocrx_word' id='word_1_411' title='bbox 995 3831 1130 3907; x_wconf 89' lang='lat' dir='ltr'>colebat,</span> <span class='ocrx_word' id='word_1_412' title='bbox 1152 3833 1203 3894; x_wconf 88' lang='lat' dir='ltr'>vel</span> <span class='ocrx_word' id='word_1_413' title='bbox 1233 3832 1370 3894; x_wconf 87' lang='lat' dir='ltr'>sortibus</span> <span class='ocrx_word' id='word_1_414' title='bbox 1400 3851 1480 3913; x_wconf 89' lang='lat' dir='ltr'>quaa</span> <span class='ocrx_word' id='word_1_415' title='bbox 1512 3850 1584 3896; x_wconf 89' lang='lat' dir='ltr'>cum</span> <span class='ocrx_word' id='word_1_416' title='bbox 1614 3833 1685 3895; x_wconf 91' lang='lat' dir='ltr'>aliia</span> <span class='ocrx_word' id='word_1_417' title='bbox 1717 3850 1843 3913; x_wconf 89' lang='lat' dir='ltr'>respec-</span> 
     </span>
     <span class='ocr_line' id='line_1_36' title="bbox 217 3937 1841 4022; baseline -0.002 -19"><span class='ocrx_word' id='word_1_418' title='bbox 217 3939 338 4003; x_wconf 85' lang='lat' dir='ltr'>toribus</span> <span class='ocrx_word' id='word_1_419' title='bbox 357 3938 411 4022; x_wconf 74' lang='grc' dir='ltr'>(ει)</span> <span class='ocrx_word' id='word_1_420' title='bbox 433 3938 601 4019; x_wconf 89' lang='lat' dir='ltr'>tractabat,</span> <span class='ocrx_word' id='word_1_421' title='bbox 630 3940 687 4002; x_wconf 79' lang='lat' dir='ltr'>liei</span> <span class='ocrx_word' id='word_1_422' title='bbox 717 3939 866 4022; x_wconf 88' lang='lat' dir='ltr'>beatique</span> <span class='ocrx_word' id='word_1_423' title='bbox 897 3941 1114 4021; x_wconf 85' lang='lat' dir='ltr'>apostolorum</span> <span class='ocrx_word' id='word_1_424' title='bbox 1143 3938 1301 4020; x_wconf 89' lang='lat' dir='ltr'>Principis</span> <span class='ocrx_word' id='word_1_425' title='bbox 1331 3937 1418 4000; x_wconf 90' lang='lat' dir='ltr'>Petri</span> <span class='ocrx_word' id='word_1_426' title='bbox 1452 3937 1681 4002; x_wconf 88' lang='lat' dir='ltr'>interveniente</span> <span class='ocrx_word' id='word_1_427' title='bbox 1710 3937 1841 4018; x_wconf 84' lang='lat' dir='ltr'>judicio,</span> 
     </span>
     <span class='ocr_line' id='line_1_37' title="bbox 216 4032 1841 4130; baseline -0.001 -20"><span class='ocrx_word' id='word_1_428' title='bbox 216 4047 358 4130; x_wconf 87' lang='lat' dir='ltr'>privatus</span> <span class='ocrx_word' id='word_1_429' title='bbox 379 4052 426 4110; x_wconf 87' lang='lat' dir='ltr'>est</span> <span class='ocrx_word' id='word_1_430' title='bbox 447 4051 478 4109; x_wconf 89' lang='lat' dir='ltr'>et</span> <span class='ocrx_word' id='word_1_431' title='bbox 498 4047 531 4109; x_wconf 92' lang='lat' dir='ltr'>in</span> <span class='ocrx_word' id='word_1_432' title='bbox 552 4043 778 4110; x_wconf 83' lang='lat' dir='ltr'>monasterium</span> <span class='ocrx_word' id='word_1_433' title='bbox 801 4032 952 4122; x_wconf 79' lang='lat' dir='ltr'>retruslrs,</span> <span class='ocrx_word' id='word_1_434' title='bbox 978 4051 1050 4128; x_wconf 92' lang='lat' dir='ltr'>post</span> <span class='ocrx_word' id='word_1_435' title='bbox 1071 4046 1325 4128; x_wconf 89' lang='lat' dir='ltr'>quinquennium</span> <span class='ocrx_word' id='word_1_436' title='bbox 1348 4063 1414 4127; x_wconf 81' lang='lat' dir='ltr'>prae</span> <span class='ocrx_word' id='word_1_437' title='bbox 1435 4045 1539 4108; x_wconf 88' lang='lat' dir='ltr'>cordis</span> <span class='ocrx_word' id='word_1_438' title='bbox 1557 4044 1677 4108; x_wconf 89' lang='lat' dir='ltr'>duritia</span> <span class='ocrx_word' id='word_1_439' title='bbox 1697 4044 1841 4127; x_wconf 80' lang='lat' dir='ltr'>impcani·</span> 
     </span>
     <span class='ocr_line' id='line_1_38' title="bbox 78 4153 556 4228; baseline -0.008 -8"><span class='ocrx_word' id='word_1_440' title='bbox 78 4225 82 4228; x_wconf 69' lang='grc'><strong>,</strong></span> <span class='ocrx_word' id='word_1_441' title='bbox 153 4157 194 4220; x_wconf 74' lang='lat'>25</span> <span class='ocrx_word' id='word_1_442' title='bbox 218 4159 288 4219; x_wconf 87' lang='lat' dir='ltr'>tens</span> <span class='ocrx_word' id='word_1_443' title='bbox 309 4153 477 4218; x_wconf 79' lang='lat' dir='ltr'>defunctus</span> <span class='ocrx_word' id='word_1_444' title='bbox 498 4158 556 4217; x_wconf 88' lang='lat' dir='ltr'>ast.</span> 
     </span>
     <span class='ocr_line' id='line_1_39' title="bbox 260 4216 1932 4357; baseline -0.004 -33"><span class='ocrx_word' id='word_1_445' title='bbox 260 4261 411 4357; x_wconf 61' lang='lat' dir='ltr'>hetilo)</span> <span class='ocrx_word' id='word_1_446' title='bbox 432 4259 533 4342; x_wconf 85' lang='lat' dir='ltr'>Hujus</span> <span class='ocrx_word' id='word_1_447' title='bbox 565 4259 673 4342; x_wconf 85' lang='lat' dir='ltr'>itaque</span> <span class='ocrx_word' id='word_1_448' title='bbox 707 4260 904 4343; x_wconf 89' lang='lat' dir='ltr'>temporibus</span> <span class='ocrx_word' id='word_1_449' title='bbox 938 4259 1124 4324; x_wconf 89' lang='lat' dir='ltr'>Justinanus</span> <span class='ocrx_word' id='word_1_450' title='bbox 1158 4259 1331 4342; x_wconf 87' lang='lat' dir='ltr'>imperator</span> <span class='ocrx_word' id='word_1_451' title='bbox 1366 4258 1535 4322; x_wconf 90' lang='lat' dir='ltr'>concilium</span> <span class='ocrx_word' id='word_1_452' title='bbox 1569 4260 1602 4321; x_wconf 92' lang='lat' dir='ltr'>in</span> <span class='ocrx_word' id='word_1_453' title='bbox 1638 4259 1725 4340; x_wconf 89' lang='lat' dir='ltr'>regia</span> <span class='ocrx_word' id='word_1_454' title='bbox 1760 4259 1839 4323; x_wconf 89' lang='lat' dir='ltr'>urbe</span> <span class='ocrx_word' id='word_1_455' title='bbox 1870 4216 1932 4317; x_wconf 66' lang='lat' dir='ltr'><em>V</em></span> 
     </span>
     <span class='ocr_line' id='line_1_40' title="bbox 212 4363 1838 4451; baseline -0.003 -19"><span class='ocrx_word' id='word_1_456' title='bbox 212 4367 309 4451; x_wconf 79' lang='lat' dir='ltr'>jussit</span> <span class='ocrx_word' id='word_1_457' title='bbox 328 4367 408 4444; x_wconf 86' lang='lat' dir='ltr'>fleri,</span> <span class='ocrx_word' id='word_1_458' title='bbox 430 4367 463 4429; x_wconf 92' lang='lat' dir='ltr'>in</span> <span class='ocrx_word' id='word_1_459' title='bbox 485 4386 549 4450; x_wconf 93' lang='lat' dir='ltr'>quo</span> <span class='ocrx_word' id='word_1_460' title='bbox 573 4372 604 4430; x_wconf 89' lang='lat' dir='ltr'>et</span> <span class='ocrx_word' id='word_1_461' title='bbox 638 4367 735 4449; x_wconf 89' lang='lat' dir='ltr'>legati</span> <span class='ocrx_word' id='word_1_462' title='bbox 769 4368 851 4431; x_wconf 91' lang='lat' dir='ltr'>sedis</span> <span class='ocrx_word' id='word_1_463' title='bbox 886 4367 1068 4449; x_wconf 82' lang='lat' dir='ltr'>apostolicae</span> <span class='ocrx_word' id='word_1_464' title='bbox 1103 4373 1327 4443; x_wconf 91' lang='lat' dir='ltr'>convenerant,</span> <span class='ocrx_word' id='word_1_465' title='bbox 1352 4371 1383 4429; x_wconf 88' lang='lat' dir='ltr'>et</span> <span class='ocrx_word' id='word_1_466' title='bbox 1418 4363 1542 4447; x_wconf 83' lang='lat' dir='ltr'>decepti</span> <span class='ocrx_word' id='word_1_467' title='bbox 1576 4363 1838 4448; x_wconf 88' lang='lat' dir='ltr'>subscripserant.</span> 
     </span>
     <span class='ocr_line' id='line_1_41' title="bbox 214 4471 1840 4557; baseline -0.002 -20"><span class='ocrx_word' id='word_1_468' title='bbox 214 4473 471 4557; x_wconf 75' lang='lat' dir='ltr'>compellebatur</span> <span class='ocrx_word' id='word_1_469' title='bbox 505 4481 610 4538; x_wconf 88' lang='lat' dir='ltr'>eutem</span> <span class='ocrx_word' id='word_1_470' title='bbox 647 4479 679 4537; x_wconf 89' lang='lat' dir='ltr'>et</span> <span class='ocrx_word' id='word_1_471' title='bbox 709 4473 779 4555; x_wconf 90' lang='lat' dir='ltr'>ipse</span> <span class='ocrx_word' id='word_1_472' title='bbox 798 4473 840 4556; x_wconf 89' lang='lat' dir='ltr'>(o)</span> <span class='ocrx_word' id='word_1_473' title='bbox 862 4474 1069 4548; x_wconf 89' lang='lat' dir='ltr'>subscribere,</span> <span class='ocrx_word' id='word_1_474' title='bbox 1092 4475 1146 4536; x_wconf 91' lang='lat' dir='ltr'>sed</span> <span class='ocrx_word' id='word_1_475' title='bbox 1181 4474 1361 4537; x_wconf 87' lang='lat' dir='ltr'>nullatenus</span> <span class='ocrx_word' id='word_1_476' title='bbox 1396 4471 1565 4554; x_wconf 90' lang='lat' dir='ltr'>acquievit,</span> <span class='ocrx_word' id='word_1_477' title='bbox 1588 4492 1645 4554; x_wconf 93' lang='lat' dir='ltr'>pro</span> <span class='ocrx_word' id='word_1_478' title='bbox 1679 4491 1717 4536; x_wconf 92' lang='lat' dir='ltr'>eo</span> <span class='ocrx_word' id='word_1_479' title='bbox 1752 4473 1840 4554; x_wconf 91' lang='lat' dir='ltr'>quod</span> 
     </span>
     <span class='ocr_line' id='line_1_42' title="bbox 214 4578 1840 4670; baseline -0.004 -22"><span class='ocrx_word' id='word_1_480' title='bbox 214 4583 362 4666; x_wconf 83' lang='lat' dir='ltr'>quaedsm</span> <span class='ocrx_word' id='word_1_481' title='bbox 400 4582 539 4670; x_wconf 84' lang='lat' dir='ltr'>capitula</span> <span class='ocrx_word' id='word_1_482' title='bbox 574 4586 663 4644; x_wconf 85' lang='lat' dir='ltr'>extra</span> <span class='ocrx_word' id='word_1_483' title='bbox 700 4581 796 4644; x_wconf 90' lang='lat' dir='ltr'>ritum</span> <span class='ocrx_word' id='word_1_484' title='bbox 833 4581 1080 4645; x_wconf 90' lang='lat' dir='ltr'>ecclesiasticum</span> <span class='ocrx_word' id='word_1_485' title='bbox 1125 4583 1250 4644; x_wconf 85' lang='lat' dir='ltr'>fuerant</span> <span class='ocrx_word' id='word_1_486' title='bbox 1284 4583 1315 4644; x_wconf 90' lang='lat' dir='ltr'>in</span> <span class='ocrx_word' id='word_1_487' title='bbox 1346 4599 1383 4645; x_wconf 91' lang='lat' dir='ltr'>eo</span> <span class='ocrx_word' id='word_1_488' title='bbox 1411 4598 1549 4643; x_wconf 86' lang='lat' dir='ltr'>annexa.</span> <span class='ocrx_word' id='word_1_489' title='bbox 1579 4581 1655 4653; x_wconf 75' lang='lat' dir='ltr'>Qum</span> <span class='ocrx_word' id='word_1_490' title='bbox 1690 4586 1722 4643; x_wconf 90' lang='lat' dir='ltr'>ct</span> <span class='ocrx_word' id='word_1_491' title='bbox 1749 4578 1840 4661; x_wconf 89' lang='lat' dir='ltr'>quasi</span> 
     </span>
     <span class='ocr_line' id='line_1_43' title="bbox 172 4687 1838 4770; baseline -0.002 -17"><span class='ocrx_word' id='word_1_492' title='bbox 172 4693 192 4753; x_wconf 83' lang='grc'><strong>5</strong></span> <span class='ocrx_word' id='word_1_493' title='bbox 213 4687 406 4769; x_wconf 88' lang='lat' dir='ltr'>synodaliter</span> <span class='ocrx_word' id='word_1_494' title='bbox 427 4687 557 4751; x_wconf 90' lang='lat' dir='ltr'>delinita</span> <span class='ocrx_word' id='word_1_495' title='bbox 586 4694 618 4752; x_wconf 88' lang='lat' dir='ltr'>et</span> <span class='ocrx_word' id='word_1_496' title='bbox 646 4689 679 4750; x_wconf 94' lang='lat' dir='ltr'>in</span> <span class='ocrx_word' id='word_1_497' title='bbox 702 4697 765 4751; x_wconf 80' lang='lat' dir='ltr'>&#39;sex</span> <span class='ocrx_word' id='word_1_498' title='bbox 794 4689 888 4750; x_wconf 91' lang='lat' dir='ltr'>tomis</span> <span class='ocrx_word' id='word_1_499' title='bbox 922 4689 1080 4770; x_wconf 85' lang='lat' dir='ltr'>descripta</span> <span class='ocrx_word' id='word_1_500' title='bbox 1102 4707 1121 4750; x_wconf 91' lang='lat' dir='ltr'>a</span> <span class='ocrx_word' id='word_1_501' title='bbox 1142 4688 1241 4764; x_wconf 82' lang='lat' dir='ltr'>tribus</span> <span class='ocrx_word' id='word_1_502' title='bbox 1262 4689 1462 4769; x_wconf 88' lang='lat' dir='ltr'>patriarchis,</span> <span class='ocrx_word' id='word_1_503' title='bbox 1484 4688 1517 4749; x_wconf 92' lang='lat' dir='ltr'>id</span> <span class='ocrx_word' id='word_1_504' title='bbox 1539 4692 1586 4751; x_wconf 90' lang='lat' dir='ltr'>est</span> <span class='ocrx_word' id='word_1_505' title='bbox 1612 4687 1838 4764; x_wconf 83' lang='lat' dir='ltr'>Alexandrino,</span> 
     </span>
    </p>

    <p class='ocr_par' dir='ltr' id='par_1_6' title="bbox 212 4794 1839 4879">
     <span class='ocr_line' id='line_1_44' title="bbox 212 4794 1839 4879; baseline -0.002 -17"><span class='ocrx_word' id='word_1_506' title='bbox 212 4795 563 4879; x_wconf 82' lang='lat' dir='ltr'>Constantinopolitano</span> <span class='ocrx_word' id='word_1_507' title='bbox 584 4802 616 4860; x_wconf 89' lang='lat' dir='ltr'>et</span> <span class='ocrx_word' id='word_1_508' title='bbox 637 4795 845 4872; x_wconf 84' lang='lat' dir='ltr'>Antiocheno,</span> <span class='ocrx_word' id='word_1_509' title='bbox 869 4796 919 4858; x_wconf 92' lang='lat' dir='ltr'>vel</span> <span class='ocrx_word' id='word_1_510' title='bbox 949 4797 1071 4858; x_wconf 78' lang='lat' dir='ltr'>caeteris</span> <span class='ocrx_word' id='word_1_511' title='bbox 1101 4794 1283 4858; x_wconf 90' lang='lat' dir='ltr'>consulibus</span> <span class='ocrx_word' id='word_1_512' title='bbox 1305 4795 1363 4878; x_wconf 86' lang='lat' dir='ltr'>(p),</span> <span class='ocrx_word' id='word_1_513' title='bbox 1387 4795 1442 4877; x_wconf 91' lang='lat' dir='ltr'>qui</span> <span class='ocrx_word' id='word_1_514' title='bbox 1471 4795 1505 4857; x_wconf 90' lang='lat' dir='ltr'>in</span> <span class='ocrx_word' id='word_1_515' title='bbox 1536 4800 1679 4877; x_wconf 90' lang='lat' dir='ltr'>tempore</span> <span class='ocrx_word' id='word_1_516' title='bbox 1708 4794 1754 4878; x_wconf 84' lang='lat' dir='ltr'>(q)</span> <span class='ocrx_word' id='word_1_517' title='bbox 1774 4795 1839 4859; x_wconf 89' lang='lat' dir='ltr'>illic</span> 
     </span>
    </p>

    <p class='ocr_par' dir='ltr' id='par_1_7' title="bbox 211 4899 1839 5101">
     <span class='ocr_line' id='line_1_45' title="bbox 211 4899 1839 4986; baseline -0.003 -16"><span class='ocrx_word' id='word_1_518' title='bbox 211 4909 437 4980; x_wconf 89' lang='lat' dir='ltr'>convenerant,</span> <span class='ocrx_word' id='word_1_519' title='bbox 460 4903 637 4985; x_wconf 90' lang='lat' dir='ltr'>subscripta</span> <span class='ocrx_word' id='word_1_520' title='bbox 657 4899 764 4980; x_wconf 85' lang='lat' dir='ltr'>erant,</span> <span class='ocrx_word' id='word_1_521' title='bbox 784 4923 944 4986; x_wconf 88' lang='lat' dir='ltr'>manuque</span> <span class='ocrx_word' id='word_1_522' title='bbox 965 4903 1122 4984; x_wconf 89' lang='lat' dir='ltr'>imperiali</span> <span class='ocrx_word' id='word_1_523' title='bbox 1143 4903 1341 4978; x_wconf 85' lang='lat' dir='ltr'>confirmata,</span> <span class='ocrx_word' id='word_1_524' title='bbox 1365 4904 1468 4966; x_wconf 89' lang='lat' dir='ltr'>missis</span> <span class='ocrx_word' id='word_1_525' title='bbox 1490 4905 1523 4966; x_wconf 91' lang='lat' dir='ltr'>in</span> <span class='ocrx_word' id='word_1_526' title='bbox 1553 4902 1727 4978; x_wconf 82' lang='lat' dir='ltr'>bucellum,</span> <span class='ocrx_word' id='word_1_527' title='bbox 1752 4905 1839 4982; x_wconf 89' lang='lat' dir='ltr'>quod</span> 
     </span>
     <span class='ocr_line' id='line_1_46' title="bbox 213 5008 1835 5101; baseline -0.002 -23"><span class='ocrx_word' id='word_1_528' title='bbox 213 5011 358 5078; x_wconf 84' lang='lat' dir='ltr'>scabrum</span> <span class='ocrx_word' id='word_1_529' title='bbox 380 5011 422 5096; x_wconf 91' lang='lat' dir='ltr'>(r)</span> <span class='ocrx_word' id='word_1_530' title='bbox 442 5011 569 5076; x_wconf 89' lang='lat' dir='ltr'>carnale</span> <span class='ocrx_word' id='word_1_531' title='bbox 590 5008 747 5101; x_wconf 83' lang='lat' dir='ltr'>vocitatur</span> <span class='ocrx_word' id='word_1_532' title='bbox 766 5011 799 5072; x_wconf 94' lang='lat' dir='ltr'>in</span> <span class='ocrx_word' id='word_1_533' title='bbox 821 5011 904 5072; x_wconf 92' lang='lat' dir='ltr'>hanc</span> <span class='ocrx_word' id='word_1_534' title='bbox 935 5010 1045 5074; x_wconf 89' lang='lat' dir='ltr'>urbem</span> <span class='ocrx_word' id='word_1_535' title='bbox 1077 5011 1118 5073; x_wconf 92' lang='lat' dir='ltr'>ad</span> <span class='ocrx_word' id='word_1_536' title='bbox 1148 5011 1411 5086; x_wconf 83' lang='lat' dir='ltr'>confirmandum,</span> <span class='ocrx_word' id='word_1_537' title='bbox 1435 5011 1485 5074; x_wconf 87' lang='lat' dir='ltr'>vel</span> <span class='ocrx_word' id='word_1_538' title='bbox 1515 5012 1548 5074; x_wconf 91' lang='lat' dir='ltr'>in</span> <span class='ocrx_word' id='word_1_539' title='bbox 1579 5010 1733 5093; x_wconf 89' lang='lat' dir='ltr'>superiori</span> <span class='ocrx_word' id='word_1_540' title='bbox 1765 5011 1835 5075; x_wconf 89' lang='lat' dir='ltr'>loco</span> 
     </span>
    </p>
   </div>
   <div class='ocr_carea' id='block_1_3' title="bbox 722 5282 1244 5331">
    <p class='ocr_par' dir='ltr' id='par_1_8' title="bbox 722 5282 1244 5331">
     <span class='ocr_line' id='line_1_47' title="bbox 722 5282 1244 5331; baseline -0.002 -1"><span class='ocrx_word' id='word_1_541' title='bbox 722 5282 849 5331; x_wconf 75' lang='lat' dir='ltr'>NOTULAE</span> <span class='ocrx_word' id='word_1_542' title='bbox 869 5282 1062 5330; x_wconf 66' lang='lat' dir='ltr'>hartmatus</span> <span class='ocrx_word' id='word_1_543' title='bbox 1083 5282 1244 5331; x_wconf 73' lang='lat' dir='ltr'>FABROT&#39;H.</span> 
     </span>
    </p>
   </div>
   <div class='ocr_carea' id='block_1_4' title="bbox 163 5502 1800 5634">
    <p class='ocr_par' dir='ltr' id='par_1_9' title="bbox 163 5502 1800 5634">
     <span class='ocr_line' id='line_1_48' title="bbox 163 5502 1800 5634; baseline -0.002 -72"><span class='ocrx_word' id='word_1_544' title='bbox 163 5504 278 5634; x_wconf 52' lang='lat' dir='ltr'>(urgelli.</span> <span class='ocrx_word' id='word_1_545' title='bbox 316 5504 355 5581; x_wconf 80' lang='lat' dir='ltr'>(b)</span> <span class='ocrx_word' id='word_1_546' title='bbox 373 5504 561 5563; x_wconf 89' lang='lat' dir='ltr'>unanimiter.</span> <span class='ocrx_word' id='word_1_547' title='bbox 600 5507 636 5576; x_wconf 91' lang='lat' dir='ltr'>(c)</span> <span class='ocrx_word' id='word_1_548' title='bbox 651 5504 721 5562; x_wconf 90' lang='lat' dir='ltr'>cleri</span> <span class='ocrx_word' id='word_1_549' title='bbox 746 5503 888 5562; x_wconf 86' lang='lat' dir='ltr'>seditiosi.</span> <span class='ocrx_word' id='word_1_550' title='bbox 927 5505 1114 5580; x_wconf 88' lang='lat' dir='ltr'>(d)intentio.</span> <span class='ocrx_word' id='word_1_551' title='bbox 1153 5507 1188 5580; x_wconf 74' lang='lat' dir='ltr'>te(</span> <span class='ocrx_word' id='word_1_552' title='bbox 1204 5504 1473 5564; x_wconf 89' lang='lat' dir='ltr'>acclamationibus.</span> <span class='ocrx_word' id='word_1_553' title='bbox 1511 5506 1547 5575; x_wconf 74' lang='lat' dir='ltr'>(f)</span> <span class='ocrx_word' id='word_1_554' title='bbox 1561 5504 1592 5558; x_wconf 89' lang='lat' dir='ltr'>in</span> <span class='ocrx_word' id='word_1_555' title='bbox 1606 5502 1645 5574; x_wconf 79' lang='lat'>(9)</span> <span class='ocrx_word' id='word_1_556' title='bbox 1660 5502 1800 5586; x_wconf 81' lang='lat' dir='ltr'>eoquod.</span> 
     </span>
    </p>
   </div>
   <div class='ocr_carea' id='block_1_5' title="bbox 126 5573 1836 5796">
    <p class='ocr_par' dir='ltr' id='par_1_10' title="bbox 126 5573 1836 5796">
     <span class='ocr_line' id='line_1_49' title="bbox 128 5573 1836 5652; baseline -0.002 -18"><span class='ocrx_word' id='word_1_557' title='bbox 128 5579 165 5648; x_wconf 81' lang='lat' dir='ltr'>(bt</span> <span class='ocrx_word' id='word_1_558' title='bbox 207 5577 332 5648; x_wconf 72' lang='lat' dir='ltr'>,libras</span> <span class='ocrx_word' id='word_1_559' title='bbox 371 5577 651 5652; x_wconf 66' lang='lat' dir='ltr'>(capreolorum,</span> <span class='ocrx_word' id='word_1_560' title='bbox 689 5576 825 5650; x_wconf 58' lang='lat' dir='ltr'>(pidem.</span> <span class='ocrx_word' id='word_1_561' title='bbox 864 5577 903 5648; x_wconf 78' lang='lat' dir='ltr'>(le)</span> <span class='ocrx_word' id='word_1_562' title='bbox 918 5576 1066 5634; x_wconf 77' lang='lat' dir='ltr'>inflixerit.</span> <span class='ocrx_word' id='word_1_563' title='bbox 1105 5577 1268 5652; x_wconf 87' lang='lat' dir='ltr'>(t)luculis.</span> <span class='ocrx_word' id='word_1_564' title='bbox 1307 5573 1836 5650; x_wconf 76' lang='lat' dir='ltr'>(m)respectatoribus3li,rnepecto-</span> 
     </span>
     <span class='ocr_line' id='line_1_50' title="bbox 128 5643 1833 5724; baseline -0.002 -19"><span class='ocrx_word' id='word_1_565' title='bbox 128 5649 220 5708; x_wconf 84' lang='lat' dir='ltr'>ribus.</span> <span class='ocrx_word' id='word_1_566' title='bbox 258 5650 299 5724; x_wconf 85' lang='lat' dir='ltr'>(rr)</span> <span class='ocrx_word' id='word_1_567' title='bbox 315 5649 380 5708; x_wconf 83' lang='lat' dir='ltr'>Vide</span> <span class='ocrx_word' id='word_1_568' title='bbox 393 5649 486 5705; x_wconf 81' lang='lat' dir='ltr'>Boron</span> <span class='ocrx_word' id='word_1_569' title='bbox 509 5649 544 5705; x_wconf 87' lang='lat' dir='ltr'>cd</span> <span class='ocrx_word' id='word_1_570' title='bbox 569 5647 857 5722; x_wconf 63' lang='lat' dir='ltr'>enectamque</span> <span class='ocrx_word' id='word_1_571' title='bbox 896 5650 932 5724; x_wconf 87' lang='lat' dir='ltr'>(o)</span> <span class='ocrx_word' id='word_1_572' title='bbox 947 5649 1010 5724; x_wconf 87' lang='lat' dir='ltr'>ipsc</span> <span class='ocrx_word' id='word_1_573' title='bbox 1032 5667 1124 5724; x_wconf 91' lang='lat' dir='ltr'>papa;</span> <span class='ocrx_word' id='word_1_574' title='bbox 1141 5654 1174 5715; x_wconf 86' lang='lat' dir='ltr'>B,</span> <span class='ocrx_word' id='word_1_575' title='bbox 1191 5649 1253 5724; x_wconf 89' lang='lat' dir='ltr'>ipse</span> <span class='ocrx_word' id='word_1_576' title='bbox 1269 5649 1397 5722; x_wconf 88' lang='lat' dir='ltr'>Sergius.</span> <span class='ocrx_word' id='word_1_577' title='bbox 1436 5649 1510 5718; x_wconf 61' lang='lat' dir='ltr'>(pn</span> <span class='ocrx_word' id='word_1_578' title='bbox 1524 5643 1709 5718; x_wconf 78' lang='lat' dir='ltr'>presulibus.</span> <span class='ocrx_word' id='word_1_579' title='bbox 1748 5645 1785 5720; x_wconf 83' lang='lat' dir='ltr'>(q)</span> <span class='ocrx_word' id='word_1_580' title='bbox 1800 5661 1833 5704; x_wconf 91' lang='lat' dir='ltr'>eo</span> 
     </span>
     <span class='ocr_line' id='line_1_51' title="bbox 126 5719 825 5796; baseline -0.003 -19"><span class='ocrx_word' id='word_1_581' title='bbox 126 5722 269 5796; x_wconf 84' lang='lat' dir='ltr'>tempore,</span> <span class='ocrx_word' id='word_1_582' title='bbox 306 5721 344 5796; x_wconf 88' lang='lat' dir='ltr'>(r)</span> <span class='ocrx_word' id='word_1_583' title='bbox 358 5723 390 5788; x_wconf 86' lang='lat' dir='ltr'>B,</span> <span class='ocrx_word' id='word_1_584' title='bbox 407 5719 547 5789; x_wconf 82' lang='lat' dir='ltr'>chartule,</span> <span class='ocrx_word' id='word_1_585' title='bbox 564 5721 637 5778; x_wconf 78' lang='lat' dir='ltr'>hau</span> <span class='ocrx_word' id='word_1_586' title='bbox 650 5721 825 5795; x_wconf 58' lang='lat' dir='ltr'>&amp;macutus</span> 
     </span>
    </p>
   </div>
   <div class='ocr_carea' id='block_1_6' title="bbox 0 0 2004 6155">
    <p class='ocr_par' dir='ltr' id='par_1_11' title="bbox 0 0 2004 6155">
     <span class='ocr_line' id='line_1_52' title="bbox 0 0 2004 6155; baseline 0 0"><span class='ocrx_word' id='word_1_587' title='bbox 0 0 2004 6155; x_wconf 95' lang='lat' dir='ltr'> </span> 
     </span>
    </p>
   </div>
  </div>
 </body>
</html>
