4052 6164
186 61 263 124 {367
757 52 966 116 naasthan
986 52 1312 116 stottootlsohom.
1586 119 1590 124 ,
1813 41 1896 116 mliii

256 194 384 251 Leonem
400 208 417 249 a
433 187 563 259 secretis,
580 203 613 246 ao
629 167 712 258 elice,
727 202 840 244 necnon
855 189 884 242 et
899 183 1053 259 epistolam
1068 183 1200 258 predicti
1215 184 1401 259 imperatoris
1414 183 1556 246 veraciter
1569 185 1681 244 mansit
1693 191 1892 262 compertum.

204 293 238 350 10
257 288 479 347 Revertentibus
493 290 593 344 autem
608 286 683 359 ipsis
696 284 810 358 legatis,
827 283 905 356 quod
920 283 950 338 in
966 282 1068 339 Pbolic
1080 287 1201 357 egerant
1211 281 1362 340 nonnullis
1377 281 1537 356 preconiis
1545 283 1734 356 extollebant,
1751 289 1782 342 et
1796 287 1847 360 qni
1863 286 1894 344 in
2011 277 2012 356 j

257 387 368 461 ignatio
384 385 551 460 patriarcha
565 385 699 458 nequiter
711 381 823 456 operati
839 382 963 450 fuerunt,
980 380 1082 438 multis
1095 381 1330 454 oppositionibus
1344 381 1558 456 vituperabant.
1574 383 1679 440 flector
1692 401 1762 458 erga
1772 389 1803 441 et
1814 388 1895 441 totus
2011 415 2012 434 i

258 484 394 542 Ecclesia
402 481 718 558 princepe,epostolice
727 481 806 538 sedis
814 479 976 536 eximiueet
984 479 1128 535 discretus
1133 478 1253 550 presul,
1269 479 1367 536 Roma
1376 479 1437 536 bec
1446 476 1548 536 sancto
1557 482 1762 538 considerabat
1770 482 1894 549 intuitu,
2011 483 2012 562 ,

258 584 308 642 sed
324 583 424 640 audita
438 600 502 656 qus
518 585 619 638 contra
634 597 719 637 suam
733 577 956 652 dispositionem
969 577 1087 634 fuerant
1100 577 1371 650 perpetrata,doneo
1385 578 1549 635 secundum
1562 578 1719 652 mysticum
1735 595 1797 636 sae
1807 578 1895 636 intel·

258 682 367 739 lectum
383 679 491 754 sophie
508 683 613 736 cuncta
627 674 941 745 scrutaretur,minime
955 674 1100 732 credebat.
1113 673 1231 732 Interim
1242 677 1331 730 sacre
1342 680 1402 730 dua
1412 675 1665 733 auctoritatistem
1673 677 1710 733 ad
1718 676 1894 734 michaelem

205 781 240 836 15
258 781 423 836 Graecorum
438 778 644 851 imperatorem
660 791 747 848 quam
759 774 795 830 ad
806 773 942 830 eumdem
953 771 1090 830 Photium
1100 770 1290 844 litterasque
1300 770 1331 828 in
1341 771 1522 852 hujussedis
1533 773 1643 830 scrinio·
1653 773 1894 842 honestandam-

258 894 380 952 ponens,
396 877 531 948 dansque
545 873 612 930 illas
628 873 723 930 eidem
739 871 828 928 Leoni
844 888 861 928 a
876 869 998 929 secretis
1012 869 1198 926 nimandans
1214 882 1267 926 nec
1282 868 1313 926 in
1326 868 1506 942 depositione
1520 867 1627 944 Ignatii
1642 870 1826 944 patriamne,
1841 887 1895 929 nec

258 975 289 1030 in
305 974 512 1048 subrogatione
527 972 621 1030 Photii
636 989 667 1029 so
683 972 743 1028 iore
758 983 984 1037 consensurum,
1001 975 1158 1042 quousque
1169 967 1290 1025 veritate
1311 967 1413 1042 ignita
1434 983 1533 1025 coram
1556 983 1589 1026 se
1611 965 1778 1043 legitimum
1803 981 1894 1027 cauea

258 1073 347 1129 finem
363 1073 516 1146 acciperet.
1130 1125 1133 1128 .

294 1170 369 1227 ooo
387 1170 440 1227 Ubi
456 1169 522 1226 eliis
537 1168 683 1225 aientibus
698 1167 792 1240 ipsius
808 1165 942 1240 presulis
953 1165 983 1221 in
1000 1164 1055 1221 hoo
1069 1163 1159 1222 fuisse
1174 1164 1379 1234 decretumst
1395 1163 1462 1221 aliie
1486 1161 1720 1222 occursantibus
1744 1165 1894 1240 ignatium

258 1267 369 1340 injuste
383 1268 528 1324 exstitisse
543 1265 721 1339 depositum,
738 1281 899 1338 supernum
915 1263 1059 1320 arbitrum
1073 1262 1151 1319 idem
1166 1265 1304 1328 summus
1312 1261 1427 1336 jugiter
1438 1260 1568 1337 pontifex
1591 1264 1777 1336 precabatur,
1794 1269 1830 1320 ut
1841 1281 1896 1338 per

257 1365 322 1437 ejus
336 1363 532 1434 clementiam,
548 1379 636 1436 quem
651 1362 732 1418 nulla
747 1361 839 1419 latent
854 1361 1008 1430 attereres,
1025 1359 1075 1416 Dei
1091 1359 1240 1434 patefieret
1254 1358 1390 1416 Ecclesia
1404 1363 1464 1416 oua
1478 1357 1684 1417 voluntatie'in
1699 1361 1813 1418 balihrm
1834 1379 1895 1418 uon

259 1461 349 1520 fuisse
363 1479 551 1519 consensum.
567 1463 651 1517 Tunc
665 1460 777 1517 vocavit
790 1458 850 1516 zelo
866 1459 957 1516 fretus
971 1457 1070 1514 divino
1081 1457 1287 1532 episcoporum
1302 1456 1472 1526 concilium,
1487 1457 1518 1514 in
1534 1455 1593 1531 quio
1606 1449 1788 1516 luculentias
1812 1465 1896 1533 pate·

222 1562 240 1617 5
258 1560 425 1618 factumest
441 1561 470 1616 in
487 1559 667 1634 depositione
682 1558 788 1633 Ignatii
803 1557 887 1615 illum
902 1556 1024 1614 minime
1037 1555 1272 1626 consensissent
1286 1555 1570 1630 leg'atcsspcstolico
1581 1551 1661 1614 sedit
1672 1558 1703 1614 id
1716 1547 1829 1615 talibus
1842 1560 1895 1616 de·

256 1659 495 1732 viessa.Denique
510 1659 684 1716 decernente
699 1658 801 1714 eodem
817 1656 949 1730 piissimo
966 1669 1034 1712 cum
1050 1658 1151 1711 sancta
1166 1654 1277 1728 synodo
1292 1653 1417 1728 presule
1432 1655 1585 1728 prefatum
1596 1647 1767 1713 bucheriano
1783 1656 1896 1730 apim

258 1758 394 1831 pum,qui
410 1761 480 1814 tunc
496 1758 607 1824 aderat,
621 1757 699 1814 siout
713 1756 817 1814 beatus
831 1771 908 1828 papa
922 1753 1001 1810 Felix
1015 1751 1139 1808 Vitalem
1155 1755 1186 1808 et
1199 1751 1345 1808 Misenum
1360 1751 1523 1826 episcopos,
1536 1754 1587 1826 qul
1598 1753 1682 1810 Petro
1694 1753 1894 1812 Alexandrino

257 1853 393 1912 heretica
407 1855 475 1911 fece
489 1853 679 1926 coinquinato
694 1853 786 1910 eoacti
801 1847 1195 1919 consenserant,sacerdotalf
1211 1849 1379 1922 grecciano
1392 1848 1590 1906 ecdesiastica
1609 1843 1821 1908 communione
1834 1846 1894 1925 pri·

255 1951 342 2022 ravit,
359 1969 392 2008 eo
408 1953 486 2025 quod
501 1951 530 2006 in
547 1950 684 2024 pluribus
699 1949 861 2024 apostolica
874 1947 1030 2006 interdicta
1040 1947 1203 2004 excessisse
1219 1946 1354 2003 inventus
1369 1949 1424 2003 est.
1440 1948 1476 2003 lit
1489 1946 1632 2004 Rodadidl
1643 1941 1774 2022 episcopi
1790 1957 1892 2020 causa

205 2049 239 2103 10
259 2065 345 2120 quem
362 2054 463 2122 postea
477 2065 545 2104 cum
554 2033 663 2106 'saneta
676 2049 787 2121 synodo
800 2047 909 2120 pariter
923 2061 999 2119 papa
1013 2045 1081 2118 pius
1094 2045 1234 2101 mandata
1243 2045 1308 2116 ejus
1318 2045 1449 2101 etismin
1459 2041 1561 2102 ti'ailiis
1570 2044 1896 2104 molaotam'etexeom-

257 2146 488 2202 municationem
502 2144 902 2218 frangentempudiciumque
916 2142 1090 2200 canonicum
1105 2142 1368 2215 subterlhgieatem
1383 2143 1545 2210 damnavit,
1560 2153 1705 2216 sospem
1718 2147 1774 2200 est.

294 2242 370 2299 ooo
387 2242 550 2314 Igituripse
561 2241 719 2314 praeclarus
729 2240 934 2314 virsanctique
949 2240 1039 2296 stridii
1055 2239 1184 2313 pontifex
1198 2240 1357 2313 quamdam
1367 2237 1895 2316 Papoaemdiac'onumapandulpbo

257 2339 392 2412 episcopo
408 2340 507 2396 sedem
522 2338 713 2411 apostolicam
729 2336 923 2411 appellantem
938 2337 1048 2409 injuste
1063 2337 1229 2410 depositum
1245 2335 1411 2393 officiosae
1433 2336 1549 2393 restitui
1567 2337 1675 2410 josait5
1691 2342 1721 2394 et
1734 2337 1807 2410 quia
1830 2338 1895 2395 siae
2011 2361 2012 2372 ¹

257 2441 334 2493 corto
350 2452 473 2493 numero
488 2435 765 2509 episcoporum,imo
781 2434 843 2492 sino
859 2433 992 2491 criminis
1007 2434 1227 2507 approbatione,
1237 2435 1338 2507 etipse
1348 2433 1489 2491 diaconus
1499 2434 1631 2492 sineoris
1641 2435 1897 2508 professionefue·
2011 2423 2012 2428 ¹

257 2537 302 2589 rat
313 2533 475 2605 judicatus,
491 2549 609 2590 omnem
624 2531 817 2605 illamjudioii
828 2533 1005 2589 sententiam
1016 2531 1184 2602 cassavit,et
1194 2531 1230 2588 ad
1243 2530 1428 2588 rectitudinis
1438 2532 1588 2588 tramitem
1598 2533 1760 2607 apostolico
1769 2545 1892 2591 aeneam

221 2632 238 2686 5
257 2627 1893 2704 pietatereduxitlpeoetiampreestanlissimopresuleculmenapostolieumguhernanteLndovieusdogustus

257 2728 317 2785 brec
333 2731 433 2785 sancta
449 2728 532 2784 Petro
548 2727 678 2800 apostolo
692 2727 817 2784 contulit
831 2727 918 2796 dona,
934 2727 1068 2784 videlicet
1082 2726 1131 2800 (c).
1147 2727 1215 2782 Erat
1229 2730 1327 2782 autem
1351 2725 1601 2785 clementissimus
1619 2729 1699 2786 idem
1713 2725 1846 2802 pontifex
1861 2729 1892 2786 in

256 2824 428 2882 exhibendis
443 2823 587 2880 Dominiei
601 2825 698 2898 gregis
712 2824 820 2898 vigiliis
835 2825 907 2881 adeo
923 2823 1067 2893 curiosus,
1083 2828 1117 2880 nt
1131 2833 1199 2882 cum
1208 2823 1326 2897 aliquod
1337 2824 1509 2882 scandalum
1522 2825 1553 2882 iu
1563 2827 1664 2883 sancta
1673 2823 1806 2883 Ecclesia
1815 2826 1891 2884 orie·

255 2922 351 2989 batur,
368 2938 421 2978 nec
436 2921 567 2994 requiem
582 2922 696 2996 corpori
712 2938 765 2979 neo
780 2923 913 2980 membra
928 2922 1016 2978 dabat
1031 2921 1139 2995 sopori,
1155 2937 1310 2994 quousque
1327 2938 1379 2995 per
1398 2921 1507 2980 misens
1528 2926 1581 2980 aut
1601 2923 1714 2982 litteras
1738 2939 1810 2981 suas
1835 2941 1893 2998 pax

256 3020 472 3088 reformeretur,
486 3023 515 3076 ot
529 3019 751 3092 tranquillitatis
763 3019 890 3092 populus
905 3023 1066 3076 resumeret
1081 3018 1207 3076 lucrum.

291 3116 363 3174 aas
375 3117 448 3172 Num
460 3117 613 3174 hetherius
625 3135 675 3174 rex
685 3116 785 3176 relicta
794 3116 981 3190 Theutberga
990 3115 1132 3190 regina,et
1142 3117 1298 3174 waldrada
1308 3115 1512 3174 concubinalis
1522 3116 1745 3174 matrimonium
1756 3123 1888 3190 sumpta,

254 3213 321 3270 licet
336 3213 492 3270 carnaliter
506 3232 595 3288 super
609 3214 656 3272 his
672 3215 832 3272 Romanam
848 3215 947 3271 sedem
963 3214 1158 3287 eumdemque
1173 3215 1255 3286 pium
1271 3213 1469 3272 consuluisset
1489 3215 1669 3288 pontificem,
1685 3214 1716 3270 in
1731 3216 1889 3288 putredine

253 3311 374 3367 luxurie
389 3311 544 3386 carnisque
559 3312 722 3385 petulantia
736 3313 1048 3386 volvebatur.Cumque
1063 3312 1117 3370 hoc
1133 3328 1269 3370 summus
1284 3313 1415 3386 pontifex
1429 3312 1540 3369 malum
1555 3311 1684 3384 qualitor
1704 3313 1743 3368 ab
1758 3313 1889 3371 &clema

252 3409 302 3465 Dei
315 3409 444 3482 pelleret,
461 3427 498 3467 ne
510 3410 583 3466 alias
597 3410 688 3482 hujus
703 3411 797 3466 morbi
812 3415 893 3482 peste
908 3426 958 3466 rex
971 3409 1021 3466 ille
1036 3409 1188 3484 pollueret,
1203 3410 1281 3466 intra
1295 3426 1326 3467 se
1342 3409 1493 3484 cogitarat,
1506 3409 1673 3466 diutissime
1683 3409 1886 3485 caepitaflffgi,

214 3509 233 3562 5
250 3511 279 3562 et
293 3506 398 3562 intimo
413 3507 499 3562 corde
514 3507 615 3564 dolens
630 3507 713 3563 valde
729 3523 817 3579 super
831 3506 898 3563 istis
912 3507 1048 3580 gemebat
1061 3507 1226 3577 erroribus;
1239 3507 1401 3581 presertim
1410 3523 1479 3564 cum
1490 3507 1719 3581 Theatgaudum
1727 3509 1887 3566 Treueros·

252 3607 356 3671 scm,et
368 3603 552 3659 Guntherum
563 3606 602 3674 (o)
611 3603 777 3678 Agrippinae
789 3603 912 3660 Coloniae
930 3605 1166 3678 archiepiscopos
1181 3623 1248 3662 cnm
1262 3607 1420 3680 haganone
1434 3606 1622 3679 Bergomeusi
1634 3610 1663 3664 et
1676 3605 1791 3663 oetems
1807 3606 1888 3681 epis·

250 3700 332 3773 copis
346 3699 435 3756 talem
451 3699 546 3757 eidem
562 3702 621 3775 regi
637 3701 841 3758 austeritatem
861 3701 977 3758 dedisse
999 3701 1134 3772 audierit,
1151 3707 1184 3759 ut
1198 3703 1415 3776 ‘theutbergam
1440 3702 1563 3760 liberius
1585 3707 1686 3776 posset
1708 3702 1843 3776 rejicere
1857 3710 1887 3762 et

249 3797 436 3854 waldradam
452 3799 647 3855 concubinam
662 3799 693 3854 in
708 3799 930 3856 matrimonium
946 3799 1076 3874 legitime
1087 3800 1235 3874 aepulare.
1251 3801 1287 3858 lit
1301 3807 1375 3874 quos
1390 3800 1531 3857 debuerat
1542 3805 1612 3857 ante
1626 3799 1787 3858 Dominam
1799 3801 1886 3874 adju⁴

250 3898 326 3951 tores
339 3895 447 3953 habere
460 3899 546 3969 atque
561 3896 790 3970 ductores,ipsos
803 3897 910 3954 habere
921 3896 1027 3972 praesul
1042 3897 1231 3956 beatissimus
1246 3899 1519 3970 compererat,hanc
1532 3899 1629 3954 dando
1641 3915 1694 3971 pro
1708 3897 1886 3958 anctoritate

196 3995 229 4049 10
247 3996 387 4066 perpetuo
402 3993 474 4067 igni,
490 3995 742 4052 traditores.Unde
757 3995 821 4052 sino
836 4011 919 4052 mora
933 3995 1073 4054 continuo
1088 3995 1195 4053 missos
1210 4010 1281 4053 autre
1295 3996 1326 4052 in
1337 3995 1490 4053 Francisrn
1501 3995 1885 4070 destinavitpreoipienset

248 4108 371 4147 monens
388 4096 420 4146 ut
435 4092 465 4147 in
480 4091 655 4148 ltfetenefum
669 4094 741 4150 urbe
755 4097 910 4166 aggregato
926 4091 1059 4166 synodali
1073 4097 1217 4149 conventu
1233 4093 1415 4166 requirerent
1438 4110 1492 4150 cur
1506 4093 1585 4150 idem
1601 4109 1651 4150 rex
1665 4093 1884 4168 Theutbergam

249 4191 283 4258 (c)
300 4187 440 4260 rejiceret,
457 4193 509 4245 aut
522 4189 713 4246 Waldradam
729 4188 785 4246 sibi
799 4189 829 4246 in
845 4189 1015 4264 conjugium
1031 4189 1200 4262 copularet?
1214 4192 1275 4257 Quo
1291 4189 1432 4263 requisito
1446 4189 1609 4247 minuente
1627 4188 1772 4263 femmam
1792 4190 1882 4248 finem

246 4285 441 4358 imponerent.

282 4383 358 4441 598
373 4385 428 4442 Sed
445 4385 646 4458 pervenientes
661 4385 731 4442 illuc
744 4362 1001 4458 sedisapostolicae
1018 4385 1105 4459 legati
1121 4383 1245 4442 nomiari
1256 4387 1407 4458 caeperunt
1416 4382 1622 4457 hujuscemodi
1631 4384 1837 4453 commotio
1847 4385 1882 4442 ab

245 4481 382 4538 Lethario
398 4483 474 4539 inter
489 4488 592 4540 catera
604 4484 762 4542 audierunt
774 4500 780 4539 :
793 4483 940 4556 Quidquid
955 4500 1008 4558 ego
1023 4482 1088 4550 feci,
1105 4483 1229 4539 istorum
1245 4481 1450 4555 opiscoporum
1474 4480 1596 4537 coneilio
1620 4495 1694 4538 usus
1709 4481 1777 4538 feci.
1793 4483 1883 4539 Erant

244 4583 342 4634 autem
358 4579 398 4635 ibi
414 4581 552 4654 precipui
568 4581 698 4654 predicti
713 4581 925 4655 ‘theutgaudus
941 4585 970 4638 et
985 4581 1165 4639 Guntherius
1179 4579 1479 4653 archiepiscopi,quos
1495 4581 1628 4636 auctorne
1638 4578 1761 4636 intanto
1773 4577 1881 4635 scabre

244 4680 364 4732 sanctus
375 4677 439 4748 jam
454 4695 530 4752 pape
544 4683 905 4752 compererat,astrnentes
915 4683 944 4736 et
954 4679 1085 4736 dicentes
1095 4676 1260 4751 legitimum
1272 4675 1346 4732 illud
1362 4675 1454 4732 finisse
1468 4675 1744 4747 connubium,quod
1754 4676 1792 4734 de
1802 4675 1880 4732 Wal-

207 4769 225 4824 5
244 4770 335 4828 drada
349 4775 511 4831 concubine
526 4793 576 4832 rex
590 4777 752 4834 construxit
768 4776 966 4844 hetherius,et
980 4793 1044 4848 qua
1059 4776 1206 4842 dicebant,
1223 4790 1322 4830 coram
1338 4773 1457 4830 domino
1473 4771 1580 4829 eximio
1595 4789 1673 4846 papa
1686 4773 1877 4830 renientasse

244 4866 397 4924 defendere
412 4888 497 4942 posse
512 4873 703 4946 spondebant.
723 4878 852 4940 cumque
872 4873 960 4948 legati
980 4873 1144 4947 apostolica
1156 4871 1244 4938 sedis,
1261 4871 1328 4928 lieet
1350 4871 1380 4928 in
1405 4869 1509 4927 multis
1533 4870 1658 4940 seducti,
1675 4871 1801 4927 Romam
1826 4870 1879 4928 iter

244 4961 432 5034 regrediendo
444 4965 634 5037 reflecterent,
650 4987 714 5042 que
730 4987 747 5026 a
761 4987 829 5044 rege
844 4986 876 5026 ao
893 4969 1085 5042 'theutgaudo
1100 4973 1128 5024 st
1142 4967 1305 5025 Gunthario
1320 4965 1550 5040 archiepiscopis
1560 4966 1761 5023 audiet-antae
1771 4983 1876 5039 cogno·

241 5063 344 5115 verant
359 5076 475 5116 summo
492 5063 654 5121 retulerunt
668 5067 968 5138 pontifici.Piissimus
979 5070 1078 5123 autem
1090 5065 1195 5139 presul
1207 5065 1363 5122 adventum
1374 5063 1659 5138 archiepiscopatum
1671 5064 1745 5120 dum
1755 5069 1879 5136 praesto·

241 5155 353 5212 leretur
366 5157 495 5228 illorum,
511 5175 588 5226 ecce,
604 5178 732 5234 superna
755 5164 898 5238 dirigente
922 5163 1087 5231 clementia,
1104 5163 1182 5220 idem
1198 5161 1410 5236 ‘theutgaudus
1423 5165 1455 5218 et
1468 5160 1648 5217 Gnnlhtrius
1663 5159 1876 5234 archiepiscopi

190 5256 223 5312 10
243 5255 404 5312 Romanam
421 5256 523 5312 urbem
539 5257 680 5314 adeuntes
695 5261 809 5334 vestigii
823 5261 913 5333 hujus
929 5260 1063 5335 presulis
1078 5277 1109 5318 se
1132 5260 1223 5318 sacris
1247 5258 1416 5332 praesentari
1441 5258 1598 5332 petierunt.
1614 5258 1728 5324 Quibus
1751 5257 1877 5332 henim

241 5352 365 5426 praesule
381 5372 398 5410 a
412 5353 654 5426 prestantissima
671 5357 961 5430 susceptis,libellum
976 5358 1002 5415 ei
1018 5352 1329 5427 obtulerunt,dicentes
1339 5372 1370 5413 ss
1380 5354 1454 5412 nihil
1466 5354 1588 5429 plusvel
1597 5355 1698 5412 tainus
1708 5354 1875 5428 egisse,nisi

241 5449 317 5506 sicut
332 5451 447 5509 libellus
459 5452 521 5525 ipse
536 5452 748 5518 cantabat.Quo
764 5453 989 5528 diligentissime
998 5459 1203 5526 scrutato,non
1213 5471 1307 5528 pauca
1317 5453 1347 5510 in
1358 5470 1392 5510 eo
1402 5457 1517 5527 reperta
1526 5457 1598 5510 sunt
1607 5452 1723 5526 profani
1734 5455 1763 5509 et
1774 5451 1875 5509 multis

240 5546 365 5605 inauditi
377 5551 521 5607 sermonis
529 5550 743 5624 turpitudinem
754 5549 970 5625 habeatisque
980 5553 1175 5626 episcopalem
1186 5553 1357 5608 excedentes
1367 5549 1499 5609 ordinem
1508 5549 1590 5625 ipsos
1601 5551 1679 5608 sicut
1688 5548 1876 5624 phreneticos

290 5789 293 5796 Ι
759 5725 888 5774 scruta
908 5727 1102 5775 sauciantes
1123 5727 1281 5773 sessuras.

203 5837 242 5907 (c)
256 5837 305 5894 llio
317 5836 429 5913 aliquid
444 5839 533 5899 deesse
546 5843 662 5901 videtur.
688 5845 728 5916 (t)
745 5845 807 5902 Atii
817 5853 911 5904 vocant
924 5843 1140 5915 'thietgaudum
1156 5850 1182 5899 et
1196 5841 1403 5902 Guutherium.
1440 5843 1559 5918 (elabi,
1580 5839 1800 5914 thietbergam.
