4052 6164
99 97 174 168 1353
436 97 619 160 HISTORIA
643 49 1457 184 ὓΕρνιἩῆ1ὶοΜ.ΡοΝΤ.-ΒΕΝΕυιοΤυειιι.
1720 100 1802 162 {aaa

169 207 274 297 uuum,
287 225 570 298 thsslsttisstlssttn,
582 227 851 300 thymiamaterium
862 237 1097 300 naamitarum.
1109 228 1199 286 simul
1213 228 1304 286 libras
1315 233 1451 303 quatuor.
1464 203 1533 313 l‘jse
1543 227 1663 302 quidem
1677 229 1803 305 insignis

165 331 194 393 ‚ot
207 325 399 398 beatissimus
412 327 544 399 pontifex
565 325 596 385 in
619 343 747 399 superno
771 326 942 386 fundamine
954 327 1062 384 mentis
1073 327 1287 384 observantiam
1303 345 1424 400 ponens,
1438 324 1479 382 nil
1505 327 1628 385 terrenis
1654 329 1802 402 linumque

165 424 355 496 habentibus,
365 424 416 482 sod
431 423 635 498 spiritualibus
650 424 878 498 salubribusque
903 425 1107 482 tautummodo
1122 425 1260 498 operibus
1275 410 1535 492 delectabaturf'ot
1557 427 1587 482 in
1611 427 1724 485 eunetis
1739 446 1802 502 quae

167 521 274 580 salutis
289 527 360 580 sant
372 521 503 595 quotidie
518 521 657 595 preclaro
670 521 779 578 intuitu
791 523 993 595 permanebat.
1165 589 1168 596 ¹
1486 498 1507 544 ω

201 620 275 678 aaa
293 619 345 676 His
359 636 425 676 varo
439 619 531 678 sacris
546 619 696 682 beneficiis
710 624 831 678 ornatus
846 618 1046 693 apostolorum
1061 619 1198 695 principi,
1210 621 1368 696 populique
1380 621 1513 694 janitori,
1526 624 1633 680 obtulit
1643 625 1724 682 mirae
1740 625 1804 700 pul·

166 717 343 777 claritudinis
352 721 461 785 vestam
473 733 562 774 uuam
574 735 645 777 auro
655 721 869 792 textam,upere
879 719 1040 792 decoreque
1049 719 1218 794 fulgentem,
1227 719 1384 777 almificam
1396 721 1635 778 annuntiationis
1646 723 1801 781 habentem

165 814 319 874 historiam
330 819 359 874 et
371 814 540 889 hypapanti,
549 815 674 890 qualiter
683 815 746 890 ipse
759 815 928 890 unigenitus
939 817 989 874 Dei
1002 815 1092 874 Filius
1102 816 1247 889 templum
1256 818 1409 892 ingressus
1420 819 1573 876 doctorum
1585 822 1613 876 in
1626 822 1721 878 medio
1735 825 1803 880 resi-

166 913 472 972 debat.Verumtamen
483 913 577 973 isdem
588 914 746 987 pradictus
756 917 785 970 et
794 913 982 972 beatissimus
995 915 1100 987 presul
1113 913 1204 971 nimio
1214 932 1313 972 amore
1324 931 1478 983 accensus,
1502 917 1611 989 Deique
1622 919 1801 979 adminiculo

127 1013 146 1068 5
166 1010 391 1080 suffultus-lecit
404 1011 435 1069 in
450 1010 572 1070 basilica
586 1012 662 1071 beati
678 1029 712 1072 ac
726 1011 832 1085 egregii
847 1011 1047 1084 predicatoris
1061 1011 1142 1068 Pauli
1153 1011 1280 1085 apostoli
1290 1029 1413 1086 regnum
1425 1015 1460 1071 de
1471 1032 1542 1071 auro
1558 1016 1719 1088 purissimo
1735 1037 1802 1093 spa-

165 1110 324 1176 uoolistum
335 1127 401 1166 oum
413 1109 559 1178 comantis
570 1111 642 1178 suis,
654 1107 766 1168 habeus
775 1108 806 1166 ia
818 1108 914 1166 medio
924 1125 1040 1166 crucem
1050 1126 1183 1176 auream,
1192 1111 1263 1166 item
1274 1111 1452 1184 spaniacum,
1465 1131 1528 1186 qua
1542 1115 1671 1186 pendent
1685 1115 1802 1172 assidue

165 1225 255 1281 super
268 1207 400 1280 ejusdem
417 1206 518 1277 altars,
530 1223 651 1281 pensan.
664 1206 755 1262 libras
766 1206 839 1262 duas
850 1210 880 1262 et
895 1207 1013 1262 unciam
1024 1223 1123 1264 unam.
1136 1207 1248 1264 Obtulit
1262 1224 1379 1282 quoque
1392 1211 1422 1266 in
1434 1211 1535 1268 eadem
1552 1212 1673 1270 besilius
1684 1215 1802 1271 cantha-

164 1325 228 1382 ram
242 1307 277 1364 de
287 1309 408 1381 argento
424 1304 619 1365 mundissimo
629 1321 730 1373 unam,
742 1319 863 1376 pensan.
876 1303 978 1366 uncias
989 1321 1102 1362 novem.
1114 1309 1180 1379 lpse
1189 1322 1255 1363 vero
1265 1304 1392 1380 insignis
1402 1313 1431 1364 et
1441 1309 1632 1368 beatissimus
1644 1328 1721 1385 papa
1732 1313 1801 1370 fecit

165 1420 267 1479 cruces
282 1407 436 1478 argenteas
449 1405 572 1476 septem,
584 1417 649 1474 que
664 1417 716 1475 per
730 1399 840 1468 olitana
860 1404 995 1474 tempora
1007 1417 1060 1474 per
1073 1417 1176 1460 omnes
1190 1403 1350 1461 catholicas
1365 1405 1503 1463 ecclesias
1519 1423 1599 1464 more
1623 1407 1709 1465 solito
1724 1427 1800 1482 prae-

109 1505 146 1580 ΛΟ
157 1503 318 1578 ¹cedebant,
331 1505 362 1558 et
375 1499 445 1574 quia
456 1517 516 1574 pra
526 1498 624 1570 saimia
636 1501 781 1558 vetustate
794 1497 948 1558 confracte
964 1498 1081 1558 inerant
1102 1499 1197 1558 isdem
1222 1500 1380 1575 praeclarus
1396 1507 1424 1560 et
1439 1504 1645 1562 sanctissimus
1660 1506 1767 1579 praesul
1783 1524 1801 1564 a

165 1601 277 1664 naviter
290 1597 467 1672 restauravit
478 1602 509 1660 at
522 1598 552 1654 iu
562 1596 726 1670 ‚pristinum
744 1600 860 1662 ,statum
876 1597 982 1654 iterum
1002 1597 1125 1668 reduxit,
1148 1615 1212 1672 que
1227 1616 1350 1672 pensan,
1366 1601 1456 1657 simul
1479 1601 1570 1660 libras
1585 1601 1801 1678 quinquaginta

165 1717 256 1774 uuam
272 1703 301 1756 et
315 1697 416 1770 seruis.
427 1698 546 1764 Necnon
562 1700 591 1754 ot
603 1696 635 1752 ia
648 1693 772 1764 basilica
786 1694 880 1752 sancti
891 1695 999 1756 Christi
1015 1696 1152 1770 martyris
1176 1698 1252 1755 beati
1279 1698 1525 1772 Sebastiaui,qua
1546 1701 1709 1773 punitorio
1725 1699 1799 1772 loco,

165 1798 217 1874 qui
230 1801 352 1856 vocatur
366 1797 513 1860 Frascata.
525 1792 724 1852 obtulit-idom
739 1797 821 1867 potor
835 1793 970 1867 egregius
984 1797 1095 1852 vastem
1111 1794 1146 1852 de
1162 1795 1283 1853 lundata
1299 1814 1390 1854 unam
1405 1798 1563 1856 habentem
1578 1799 1609 1855 in
1622 1800 1718 1857 medio
1735 1818 1801 1858 cru-

165 1915 229 1970 cem
245 1893 505 1971 cumgammudiis
516 1894 551 1950 de
565 1890 757 1966 quadrando.
775 1890 869 1950 Simili
884 1891 972 1950 modo
988 1891 1057 1948 iecit
1070 1891 1101 1947 iu
1117 1891 1239 1950 basilica
1253 1894 1329 1952 boati
1340 1899 1369 1952 et
1384 1896 1492 1970 egregii
1509 1896 1706 1970 predicatoris
1720 1898 1801 1955 Pauli

109 1998 146 2054 15
165 1994 288 2070 apostoli
303 1997 413 2052 vestem
428 1991 549 2050 rabaam
565 1990 601 2046 do
614 1988 737 2046 uredine
752 1989 778 2056 1,
789 2005 856 2046 oum
870 1987 1068 2062 chrysoolavo.

201 2093 247 2159 st
254 2094 278 2164 2
292 2091 402 2150 Veram
417 2089 505 2158 etum
521 2091 550 2146 et
569 2087 600 2144 in
615 2085 699 2146 titulo
721 2083 817 2144 senati
830 2085 943 2160 (tyriaci
968 2086 1105 2160 martyris
1121 2088 1187 2144 tecit
1200 2093 1310 2146 vestem
1334 2090 1369 2146 de
1393 2091 1514 2149 fundato
1539 2109 1639 2151 uuam.
1656 2099 1722 2168 Ipse
1735 2112 1802 2154 vero

166 2191 355 2262 beatissimus
364 2189 495 2264 pontifex
506 2186 699 2256 exardescens
710 2200 809 2242 amore
824 2184 892 2246 lecit
907 2184 936 2241 in
952 2182 1074 2242 basilica
1087 2185 1164 2242 beati
1176 2185 1250 2242 Petri
1265 2187 1389 2259 apostoli
1406 2191 1613 2248 nutntorissui
1628 2194 1754 2266 pharum
1769 2211 1804 2252 ex

166 2293 285 2364 argento
295 2305 389 2358 unam
402 2286 482 2344 mire
494 2281 776 2357 magnitudinis,qui
789 2297 911 2353 pensan.
923 2280 1059 2354 librasset
1073 2282 1209 2340 uncias...
1219 2283 1271 2342 llic
1281 2301 1348 2342 vero
1362 2287 1551 2346 beatissimus
1562 2291 1691 2364 pontifex
1701 2291 1803 2349 divina

166 2386 358 2462 inspiratione
382 2381 602 2458 repletus,=lecit
617 2381 647 2438 ia
657 2378 782 2446 eeclesia
797 2378 873 2439 beati
889 2378 993 2444 Levius
1008 2379 1167 2449 Laurentii,
1181 2380 1252 2438 toris
1279 2399 1379 2440 muros
1408 2383 1498 2456 hujus
1513 2386 1638 2445 civitatis
1653 2389 1800 2458 Romana,

124 2487 149 2542 5
166 2489 276 2541 vestem
291 2484 326 2540 de
340 2483 463 2539 tundata
479 2495 579 2548 unam,
593 2494 660 2534 oum
680 2475 877 2550 chrysoclavo,
894 2475 975 2533 mirre
986 2476 1204 2550 magnitudinis
1219 2479 1396 2537 decoratam.
1413 2482 1469 2539 Sed
1494 2488 1523 2540 et
1548 2484 1642 2558 ipsius
1657 2487 1802 2559 precipue

165 2585 245 2640 sarta
260 2585 337 2638 tecta
351 2578 481 2637 ccclesia
495 2576 573 2635 beati
595 2573 671 2633 Petri
686 2572 808 2646 apostoli
826 2573 980 2629 nutritoris
995 2572 1052 2645 sui,
1063 2573 1092 2628 id
1108 2578 1153 2630 est
1167 2591 1270 2632 navem
1294 2579 1447 2648 majorem,
1459 2584 1488 2636 et
1503 2580 1591 2637 aliam
1606 2599 1721 2652 navem,
1737 2599 1800 2656 quar

167 2696 258 2752 saper
273 2695 378 2751 corpus
394 2677 458 2750 ejus
473 2680 527 2744 est,
539 2673 655 2747 magnis
665 2671 800 2729 trabibus
815 2669 962 2744 impositis
974 2687 1096 2728 numero
1107 2676 1218 2745 septem
1230 2674 1403 2748 procacique
1419 2677 1542 2734 artificio
1556 2678 1674 2736 elevatis
1684 2680 1802 2736 lucillus

165 2775 324 2836 renovavit.
335 2775 370 2832 ht
384 2773 414 2831 in
430 2772 516 2832 titulo
531 2771 610 2831 beati
620 2769 732 2844 Curtaei
748 2766 884 2842 martvris
899 2765 1006 2826 obtulit
1019 2767 1208 2842 Evangelium
1224 2787 1316 2829 uuum
1329 2789 1364 2830 ox
1378 2777 1499 2846 argento
1513 2775 1673 2848 purissimo
1687 2779 1723 2834 ad
1739 2777 1802 2834 lau-

166 2875 272 2932 demst
282 2871 406 2947 gloriam
416 2871 511 2944 ipsius
522 2867 660 2926 ecclesia.
672 2866 724 2924 llis
733 2865 833 2938 itaque
845 2865 971 2938 peractis
983 2867 1120 2939 praelatus
1131 2867 1321 2925 beatissimus
1330 2885 1407 2944 papa
1416 2870 1507 2928 nimio
1518 2889 1616 2930 amore
1627 2875 1803 2932 constrictus

104 2974 147 3030 li)
166 2971 197 3028 iu
213 2969 335 3028 ecelesia
349 2967 506 3026 heate‘Dei
519 2963 675 3026 Genitricis
688 2979 863 3036 semperque
873 2962 1002 3038 Virginis
1022 2963 1120 3020 Marios
1141 2965 1266 3022 domine
1284 2971 1473 3041 nostraque
1490 2970 1609 3044 ponitur
1623 2975 1705 3030 trans
1721 2973 1804 3032 Tibe-

165 3069 233 3136 rim,
243 3069 378 3126 absidam
394 3066 535 3140 majorem
551 3062 645 3138 ipsius
660 3060 799 3130 ecclesie,
811 3060 840 3116 in
856 3060 951 3122 ruinis
962 3061 1100 3134 positam,
1110 3062 1223 3120 noviter
1236 3065 1562 3137 atquealundamantis
1576 3069 1729 3128 laciensad
1741 3088 1803 3129 me-

167 3169 269 3227 liorem
284 3166 507 3227 erexitstatam.
517 3166 671 3222 Senestras
689 3177 758 3218 vero
766 3159 867 3217 vitreis
882 3157 1028 3216 coloribus
1045 3159 1169 3232 ornavit,
1181 3165 1209 3218 et
1223 3161 1337 3234 pictura
1351 3164 1457 3221 musivi
1475 3166 1630 3226 decoravit.
1642 3169 1759 3226 Necnon
1774 3174 1804 3234 et

162 3267 311 3344 porticum
327 3269 414 3340 atque
428 3261 632 3340 baptisterium
648 3275 716 3317 oum
731 3257 899 3326 secretario,
910 3257 1010 3314 omnia
1024 3261 1053 3314 et
1065 3257 1096 3313 in
1113 3257 1250 3316 omuibus
1265 3265 1345 3317 sarta
1357 3265 1435 3320 tecta
1444 3263 1556 3322 noviter
1570 3266 1728 3323 renovavit.
1740 3266 1803 3324 Goa-

164 3364 326 3432 materiam
335 3379 403 3422 varo
415 3361 494 3420 beati
511 3358 601 3420 Marci
614 3356 792 3416 contsssoris
806 3359 894 3428 atque
908 3353 1067 3428 pontilicis,
1078 3355 1157 3428 quod
1173 3355 1292 3429 ponitur
1305 3358 1374 3415 loris
1389 3363 1503 3432 portam
1516 3361 1651 3436 lippiam,
1663 3365 1693 3420 in
1709 3363 1803 3420 ruinis
1841 3372 1845 3378 '

107 3467 144 3524 t5
159 3466 226 3538 jam
241 3462 383 3538 positum,
394 3459 514 3524 omnino
529 3455 715 3515 restauravit.
725 3455 843 3512 Necnon
858 3455 887 3510 et
896 3452 926 3508 in
938 3451 1061 3510 ecclesia
1070 3451 1222 3510 beatorum
1233 3456 1312 3512 Petri
1322 3459 1351 3513 et
1362 3457 1523 3514 Marcellini
1533 3464 1706 3535 martyrum,
1717 3463 1803 3535 eujus

166 3565 279 3620 testum
290 3560 354 3633 jam
368 3559 511 3618 vetustate
522 3555 653 3634 positum
667 3553 798 3610 vicinum
814 3551 905 3614 ruine
920 3549 1073 3619 existebat,
1085 3551 1225 3625 depositis
1239 3553 1448 3624 vetustissimis
1473 3557 1607 3615 trabibus
1624 3562 1653 3616 et
1666 3559 1733 3617 aliis
1748 3560 1807 3619 im:

164 3659 282 3734 positis,
298 3657 411 3715 noviter
424 3655 524 3729 ipsum
538 3657 649 3710 motum
662 3655 749 3725 atque
764 3649 910 3723 porticum
929 3648 1100 3706 incircuitu
1116 3649 1215 3706 omnia
1230 3651 1341 3708 noviter
1356 3655 1539 3712 restauravit.

203 3755 278 3828 m
296 3755 329 3814 ln
344 3752 467 3812 basilias
478 3767 595 3826 quoque
606 3751 670 3824 jam
686 3749 793 3822 sapius
803 3747 873 3804 dicti
884 3747 993 3822 egregii
1004 3747 1132 3804 doctoris
1143 3747 1246 3805 muudi
1257 3749 1333 3805 beuti
1346 3749 1427 3806 Pauli
1438 3752 1561 3824 apostoli
1572 3753 1665 3810 isdem
1682 3755 1804 3814 antistes

163 3853 375 3913 sanctissimas
385 3851 561 3911 Benedictus
573 3846 681 3922 presul
691 3845 883 3920 pulcherrimi
893 3845 1006 3902 decoris
1021 3849 1082 3902 rete
1092 3846 1202 3902 lactum
1220 3847 1294 3902 miro
1304 3862 1391 3920 opere
1405 3852 1499 3905 totum
1511 3865 1545 3906 ox
1554 3850 1680 3923 gemmis
1689 3851 1803 3909 alvabe-

164 3952 207 4010 ris
217 3955 247 4010 et
256 3950 346 4009 bullis
360 3949 469 4018 ¹aureis,
482 3944 733 4007 conclusasetiam
746 3942 904 4017 auripetias
916 3943 946 3999 in
963 3959 994 4000 se
1009 3943 1121 4002 habens
1136 3943 1434 4014 smaltitas,videlicet
1448 3947 1552 4020 maj0ri
1568 3964 1691 4006 numero
1701 3949 1804 4023 viginti

165 4065 269 4119 unam,
280 4064 348 4106 cum
364 4045 430 4104 aliis
445 4044 556 4120 pariter
570 4043 750 4112 minoribus;
768 4057 882 4098 necnon
898 4044 927 4098 et
941 4039 1114 4098 emendatas
1129 4057 1233 4098 aureas
1244 4057 1365 4098 numero
1381 4043 1530 4114 undecim,
1542 4048 1571 4101 et
1580 4061 1712 4119 gemmas
1723 4046 1805 4121 chry·

122 4152 145 4208 5
164 4145 298 4208 sacimas
313 4145 474 4220 pendentes
489 4157 612 4200 numero
628 4140 740 4209 decem,
757 4155 866 4213 magno
885 4154 985 4195 amore
1000 4139 1137 4213 precepit
1157 4139 1232 4209 fieri,
1246 4144 1275 4196 et
1290 4155 1379 4213 super
1393 4146 1648 4201 sacrumsanotum
1664 4142 1753 4202 altare
1766 4144 1804 4202 ad

165 4246 307 4304 honorem
321 4241 452 4317 Apostoli
466 4241 590 4298 offerens
604 4239 730 4314 pendere
740 4237 831 4311 jussit
844 4237 972 4296 assidue.
982 4236 1092 4294 Varum
1111 4237 1200 4294 etiam
1221 4237 1345 4296 ethereo
1361 4245 1554 4313 compunctus
1570 4245 1644 4298 autu
1660 4257 1801 4315 magnam

166 4345 276 4404 sauata
291 4339 430 4410 eeclesia,
442 4343 475 4397 ut
488 4339 612 4398 idoneus
624 4335 734 4396 Christi
749 4335 896 4404 minister,
909 4349 1011 4394 curam
1021 4335 1108 4392 corde
1120 4335 1280 4408 purissimo
1295 4335 1495 4396 indesinenter
1505 4355 1620 4413 gerens,
1631 4343 1742 4396 textum
1753 4339 1807 4396 soi·

164 4441 235 4498 licet
249 4443 279 4497 et
291 4437 461 4506 voluminis,
471 4437 502 4494 in
518 4453 576 4511 quo
592 4438 727 4494 constant
739 4451 812 4492 vera
835 4432 1049 4507 predicationis
1064 4432 1155 4503 Pauli,
1167 4433 1300 4492 videlicet
1314 4435 1450 4509 apostoli,
1467 4441 1495 4493 et
1519 4436 1643 4494 aliorum
1658 4437 1805 4512 apostolo·
1836 4469 1840 4476 ,

166 4554 236 4596 rum
248 4535 384 4611 Epistola
405 4539 494 4609 atque
518 4533 728 4609 prophetorum
744 4531 946 4590 ordinabiliter
960 4531 1125 4588 constituto
1140 4529 1289 4600 lectiones,
1303 4549 1367 4605 qua
1382 4550 1399 4590 a
1413 4534 1644 4592 subdiaconibus
1667 4533 1806 4609 leguntur

104 4639 144 4696 10
165 4652 218 4710 per
232 4637 353 4691 cunctas
365 4619 555 4690 ecelesiarum
571 4631 712 4692 statioms
727 4647 809 4689 more
823 4629 919 4700 solito,
932 4646 1052 4686 sursum
1067 4629 1098 4685 in
1114 4629 1239 4687 ambone
1254 4633 1372 4704 raptum
1387 4629 1431 4687 vel
1447 4630 1593 4704 perditum
1608 4649 1626 4688 a
1640 4637 1742 4690 sancta
1756 4649 1806 4690 ec-

165 4730 258 4790 clesia
272 4731 363 4788 luisse
377 4729 553 4804 percipiens,
565 4731 669 4802 captus
683 4744 791 4802 magna
798 4726 1022 4800 vehementique
1032 4725 1227 4784 sollicitudine
1237 4727 1295 4784 tale
1306 4727 1428 4802 dignum
1441 4727 1577 4785 similiter
1585 4727 1722 4788 volumen
1735 4749 1807 4808 pre·

167 4845 271 4904 parare
286 4827 411 4896 studuit,
423 4827 454 4884 in
469 4844 528 4900 quo
549 4830 664 4884 Grecos
678 4831 706 4884 et
720 4825 840 4884 Latinas
868 4825 1018 4894 lectiones,
1031 4841 1105 4897 quas
1120 4823 1167 4880 die
1185 4825 1313 4883 Sabbata
1343 4828 1443 4884 sancto
1472 4827 1600 4900 Pascha,
1615 4827 1763 4901 simulque
1778 4832 1808 4886 et

167 4931 269 4988 sancto
285 4925 470 4985 Pentecostes
484 4922 655 4982 subdiaconi
672 4921 779 4995 ,legere
794 4921 875 4978 soliti
894 4925 964 4979 sunt
987 4920 1155 4994 Scripturas
1170 4921 1291 4994 adjungi
1308 4921 1454 4995 precepit,
1467 4921 1606 4998 miraeque
1628 4926 1807 4998 operationis

168 5022 279 5080 tabulis
293 5021 439 5096 argenteis
455 5022 592 5078 decenter
606 5021 752 5076 adornans
768 5021 874 5076 sancte
889 5017 1016 5076 ecclesiae
1031 5019 1169 5076 Romana
1184 5016 1309 5075 libenter
1322 5019 1438 5078 obtulit.

206 5117 283 5178 Su
298 5119 393 5192 Hujus
408 5117 592 5192 temporibus
607 5115 742 5184 Michael,
757 5115 998 5188 uliusaheophili
1015 5115 1540 5192 imperatorisConstantinopolitanae
1553 5121 1635 5178 urhis
1649 5121 1808 5193 imperator·

167 5215 204 5272 ob
221 5231 351 5272 amorem
369 5215 567 5290 apostolorum
583 5213 665 5271 misit
680 5214 716 5270 ad
732 5215 850 5271 beatum
866 5214 983 5269 Petrum
999 5212 1166 5286 apostolum
1182 5214 1293 5270 donum
1308 5231 1361 5289 per
1374 5232 1497 5274 manum
1513 5217 1612 5273 Lazari
1629 5213 1809 5272 monachici

168 5312 295 5387 pictoria
311 5313 384 5371 artis
400 5313 491 5372 nimie
507 5313 625 5382 eruditi,
636 5328 741 5388 genere
753 5329 821 5370 vero
832 5311 947 5380 Ghazai,
959 5310 989 5368 id
1006 5315 1050 5368 est
1064 5309 1255 5385 Evangelium
1270 5313 1306 5369 de
1320 5331 1392 5371 auro
1411 5314 1570 5388 purissimo
1594 5329 1661 5370 oum
1684 5308 1807 5368 diversis

167 5409 316 5484 lapidibus
333 5411 490 5485 pretiosis:
508 5411 628 5473 calicem
643 5427 710 5468 vero
725 5408 862 5467 siuilliter
875 5410 912 5466 de
926 5426 996 5466 auro
1019 5411 1048 5466 et
1070 5409 1219 5484 lapidibus
1234 5410 1462 5483 circumdatum,
1478 5409 1598 5467 reticulo
1614 5407 1756 5480 pendente
1771 5408 1808 5465 ds

121 5511 146 5567 5
169 5509 294 5580 gemmis
309 5508 385 5567 albis
400 5507 536 5583 pretiosis
550 5509 631 5566 mira
646 5507 876 5583 pulchritudinis
887 5509 1066 5575 decoratum,
1078 5511 1106 5564 et
1116 5507 1180 5565 vela
1195 5509 1253 5566 duo
1265 5509 1300 5566 ds
1315 5508 1438 5578 olovero,
1452 5525 1519 5566 oum
1530 5522 1616 5562 cruos
1631 5505 1666 5562 de
1681 5505 1806 5579 olovero,
1892 5499 1896 5504 ’

169 5609 198 5662 ct
211 5605 282 5665 lisia
297 5605 436 5664 similiter
450 5605 486 5665 de
501 5605 699 5682 chrysoclavo,
711 5611 739 5664 et
754 5623 844 5680 parva
859 5606 1040 5678 coopertoria
1059 5605 1153 5680 ipsius
1169 5606 1280 5676 caliois,
1292 5608 1369 5665 sicut
1393 5623 1457 5664 mos
1473 5605 1637 5662 Graeoorum
1653 5609 1707 5661 est.
1719 5604 1809 5662 Simi-

170 5701 236 5761 liter
250 5709 279 5761 et
291 5709 403 5762 vestem
418 5705 455 5761 de
470 5720 602 5777 purpura
616 5703 761 5778 imperiali
777 5705 890 5761 munda
904 5721 993 5778 super
1006 5704 1097 5762 altare
1113 5706 1211 5778 majus
1226 5705 1354 5762 exomni
1370 5706 1453 5778 parte
1468 5717 1535 5760 cum
1558 5701 1681 5760 historia
1696 5707 1725 5761 et
1739 5719 1808 5760 con-

170 5799 250 5859 oatlis
264 5809 293 5860 et
309 5801 435 5860 rosisdo
451 5800 653 5876 chrysoclavo,
666 5818 778 5876 magna
803 5802 1033 5877 pulchritudinis
1057 5804 1238 5876 deornatam,
1252 5803 1340 5863 etiam
1355 5804 1384 5864 et
1397 5799 1495 5864 velum
1511 5802 1547 5863 de
1560 5801 1688 5862 stauraci
1703 5819 1808 5876 uuum,

169 5914 237 5963 oum
252 5915 339 5964 cruce
353 5899 389 5963 de
403 5899 592 5982 chmsoctavo
606 5903 636 5965 et
649 5899 755 5967 littoris
770 5903 807 5967 ds
822 5919 893 5968 auro
908 5901 1025 5967 Grecis.

257 5999 391 6068 Persou
413 6000 569 6069 CXXVIII.
1609 6002 1649 6070 tt
