4052 6164
1015 0 1334 49 ‘'⁸²''·
1805 8 1864 74 raia

277 141 378 208 muros
392 121 516 178 civitatis
531 117 858 185 Romanae,duodecima
872 118 1000 176 instante
1015 119 1182 188 indictione,
1190 137 1326 177 renovare
1337 126 1424 194 atque
1435 123 1471 178 od
1486 123 1612 196 priorem
1627 124 1732 186 cultum
1745 133 1863 212 decusque

223 223 283 281 15:
311 229 337 277 ta
350 219 456 276 montis
470 215 620 272 alacritate
639 215 760 270 curauit.
777 215 813 270 llt
827 233 884 272 non
901 216 996 272 solum
1013 234 1112 273 muros
1129 235 1202 290 ‹puos
1214 217 1342 274 diximus
1358 218 1443 276 celeri
1458 219 1522 277 ficri
1536 221 1663 295 agilitate
1686 231 1863 304 proecepitsad
1972 255 1973 280 l

276 341 302 375 o„
314 313 537 391 portae,quibus
552 311 648 368 omnis
663 329 739 385 saepe
754 311 901 369 clauditur
915 313 1025 381 civitas,
1035 333 1106 370 noao
1122 315 1203 371 cultu
1218 315 1364 389 lignisque
1374 317 1538 390 praevalidis
1548 319 1584 376 ob
1595 318 1769 382 inimicorum
1777 337 1865 390 meten
1972 319 1973 330 ,

275 417 488 470 declamarem
504 409 674 466 reaedificari
690 409 879 466 festinantius
890 411 991 482 jussit.
1000 411 1067 478 Qum
1083 411 1208 484 donique
1224 411 1374 486 omnia,ut
1388 414 1445 470 cito
1461 414 1610 483 fierent,et
1623 417 1659 474 ad
1674 421 1793 480 effectum
1803 428 1868 488 deco

274 527 394 584 actoque
408 519 505 566 essent
520 507 814 581 perductu,profatus
824 507 869 561 vir
879 507 1056 590 apostolicus
1066 507 1264 566 indifferenter
1278 527 1336 567 nou
1353 511 1448 568 solum
1463 529 1538 586 equo
1554 513 1867 586 residens,vcrumetiear

273 625 344 669 sane
360 609 484 682 pedibus
499 605 625 680 propriis
641 621 692 678 per
706 603 860 660 murosvel
874 609 972 677 portas
987 621 1053 661 cum
1070 605 1132 664 suis
1148 607 1284 665 fidelibus
1294 608 1488 680 discurrebat,
1496 616 1640 683 quatenus
1649 611 1678 668 in
1689 620 1867 680 restauratione

218 711 253 766 20
272 724 373 765 eorum
389 721 472 760 mora
486 701 568 760 nulla
582 707 632 758 out
645 702 746 760 dilutio
758 703 1218 776 fuissetexorta.Quepropter,ut
1227 707 1364 778 antejam
1375 706 1486 763 dictum
1498 706 1636 780 est,inter
1645 725 1727 768 curas
1737 714 1868 775 maximam

273 807 309 862 de
320 807 452 860 Romana
462 802 532 857 urbe
543 817 684 856 curamue
693 799 920 856 sollicitudinem
937 801 1121 858 venerandus
1130 803 1259 875 pontifex
1270 819 1375 878 gerens
1385 804 1515 878 undique
1526 805 1562 862 ad
1576 805 1721 863 meliorem
1730 826 1868 886 novumque

271 901 384 958 cultum
401 902 507 955 cuncta
521 895 633 952 noviter
646 896 775 964 deduxit,
791 899 820 952 et
836 897 870 952 l5
884 897 921 952 ab
936 896 998 970 ipso
1018 897 1080 954 solo
1095 903 1201 967 turres,
1216 917 1290 972 quas
1305 901 1440 957 funditus
1454 901 1567 960 dirutas
1582 919 1634 976 per
1647 903 1792 962 circuitum
1804 911 1868 968 urbis

271 999 388 1073 reperit,
403 997 484 1052 novis
500 995 620 1051 fabricis
636 994 793 1050 restaurari
808 995 954 1067 pracepit.

307 1096 383 1152 aad
403 1095 531 1160 Quarum
547 1089 673 1162 denique
688 1091 761 1146 duas
772 1091 853 1162 juxta
863 1090 1052 1148 Portuensem
1063 1096 1178 1166 portam
1190 1093 1230 1150 ite
1242 1094 1440 1166 prudenterac
1451 1094 1598 1167 sapienter
1606 1097 1773 1155 venerabilis
1782 1103 1868 1173 presul
1972 1149 1973 1172 ,

271 1195 306 1251 ad
320 1194 415 1266 ipsam
431 1206 511 1246 oram
528 1189 660 1261 Tyberim
677 1189 706 1244 id
722 1193 767 1245 est
779 1189 862 1262 juxta
876 1188 958 1245 littus
974 1190 1105 1247 fluminis
1120 1191 1258 1248 aedificari
1273 1191 1469 1265 disposuit,ut
1481 1193 1581 1250 nullus
1596 1196 1678 1266 priua
1688 1193 1869 1271 homiuumrel

270 1293 396 1366 cogitare
411 1289 454 1344 vol
470 1286 654 1343 considerare
668 1286 832 1343 volebatllt
848 1285 917 1359 quia
932 1287 1069 1358 perhunc
1084 1287 1181 1344 locum
1195 1306 1253 1345 non
1269 1288 1365 1345 solum
1377 1307 1463 1346 naves
1478 1305 1579 1347 verum
1591 1290 1677 1348 eiiam
1688 1291 1869 1353 hominesaute

270 1389 352 1446 facile
368 1385 614 1458 ingrediebantur,
632 1401 710 1439 nunc
734 1389 832 1439 autem
846 1383 892 1439 vix
916 1401 1051 1457 unquam
1075 1403 1127 1458 per
1151 1402 1218 1442 eum
1244 1403 1337 1458 parvae
1352 1387 1492 1444 naviculae
1507 1387 1630 1445 introire
1640 1387 1779 1458 valebant,
1793 1395 1817 1447 et
1828 1391 1869 1448 hoc

231 1491 249 1545 5
269 1489 385 1560 propter
400 1485 529 1538 futuroru
545 1481 673 1536 hostium
690 1479 899 1536 Saracenorum
916 1480 1079 1552 periculum
1095 1485 1124 1538 et
1137 1483 1261 1540 salutem
1278 1483 1414 1540 Romane
1429 1483 1512 1542 urhis
1525 1486 1634 1541 factum
1650 1485 1786 1559 estlpsae
1800 1485 1871 1561 igitar

266 1591 363 1641 turres
378 1599 435 1636 non
451 1579 548 1635 solum
563 1578 710 1650 lapidibus
721 1579 771 1634 sed
782 1577 871 1633 etiam
887 1579 988 1635 ferreis
1003 1579 1111 1634 muniri
1126 1580 1238 1636 curavit
1252 1582 1527 1655 catenis,quatenus
1542 1583 1567 1638 si
1579 1583 1737 1639 necessitas
1747 1585 1871 1659 fueritper

265 1682 401 1739 eumdem
412 1678 507 1733 lacuna
520 1675 601 1731 nulla
615 1675 709 1731 valeat
720 1675 801 1731 navis
816 1675 1040 1742 transire.0uod
1051 1677 1163 1732 noviter
1172 1693 1247 1750 opus
1257 1683 1459 1735 constructum
1473 1684 1501 1736 et
1513 1681 1650 1737 Romane
1662 1681 1742 1736 urbis
1752 1681 1871 1739 defensio·

225 1823 231 1831 .
266 1795 334 1836 nem
350 1778 514 1852 praestetct
529 1773 695 1829 videntibus
711 1789 768 1828 non
785 1773 935 1828 medicum
951 1773 1000 1828 scd
1017 1774 1128 1845 grande
1143 1774 1331 1845 miraculum,
1348 1777 1417 1849 quio
1432 1793 1500 1833 cum
1510 1793 1618 1851 magua
1633 1776 1869 1852 sapientia,rubtili
1972 1775 1973 1824 l

265 1875 420 1953 prudentio
434 1876 462 1928 et
477 1871 629 1927 honestate
646 1875 793 1942 patratum
807 1874 860 1926 est.

301 1975 372 2032 Mi
398 1975 462 2046 lpse
478 1986 594 2043 quoquc
609 1986 626 2024 a
640 1969 698 2024 Deo
711 1973 894 2041 protectuset
916 1967 1104 2024 beatissimus
1120 1986 1196 2042 papa
1211 1970 1305 2026 multa
1318 1987 1440 2043 corpora
1453 1975 1706 2044 sanctorumque
1716 1971 1763 2027 die
1778 1972 1871 2030 occulta

261 2075 411 2144 jacebant,
428 2083 545 2124 stimme
561 2066 660 2122 studio
675 2081 851 2147 summoque
873 2065 968 2122 cordis
984 2065 1089 2122 affeetu
1110 2067 1147 2122 ed
1163 2067 1302 2123 bonorem
1318 2067 1529 2140 omnipotentis
1544 2067 1595 2124 Dei
1613 2067 1690 2123 infra
1705 2067 1791 2140 bajus
1805 2068 1871 2124 almo

264 2169 349 2226 Urbis
364 2165 471 2222 mmnia
487 2163 608 2218 mirifice
623 2161 899 2235 congregarit-Nam
914 2167 942 2217 et
954 2180 1075 2235 corpora
1085 2169 1253 2220 sanctoruni
1265 2167 1427 2237 martyrum
1439 2165 1781 2237 quatuorCoronutorum
1791 2165 1871 2221 solerti

263 2283 334 2323 cura
348 2262 498 2336 inquirens
510 2263 625 2332 reperit.
634 2259 687 2314 Pro
698 2274 823 2330 quorum
834 2259 1019 2314 desiderabili
1031 2277 1129 2317 eruore
1141 2260 1376 2336 basilicamque
1387 2265 1555 2318 sanctorum
1567 2263 1665 2318 fuerat
1676 2261 1784 2318 nomini
1792 2279 1872 2318 conse·

225 2369 244 2424 5
262 2369 352 2430 erata,
369 2376 458 2434 quam
473 2358 622 2431 ipsedum
638 2357 674 2434 ad
690 2355 830 2429 pontificii
847 2357 991 2413 deductus
1006 2362 1051 2413 est
1065 2357 1176 2430 apicem
1191 2359 1421 2432 prudentissimo
1446 2359 1646 2416 moderamine
1665 2360 1748 2427 rexit,
1762 2375 1820 2432 qua
1833 2377 1872 2432 per
1972 2363 1973 2368 ’

262 2461 372 2518 olitana
380 2456 528 2513 curricuta
538 2446 702 2526 temporum
713 2457 852 2524 quassata
859 2453 1013 2510 vetustatis
1021 2455 1135 2510 defectu
1148 2459 1177 2510 et
1187 2473 1261 2528 pene
1269 2455 1364 2512 ruinis
1376 2457 1523 2512 confracta
1532 2455 1754 2530 diuauliquitus
1774 2457 1872 2512 videbe·

260 2564 309 2616 tur
322 2559 351 2612 et
366 2551 655 2624 convulso,eupernae
665 2549 781 2606 virtutis
794 2555 943 2607 unuuente
958 2550 1112 2607 clementia
1123 2551 1154 2607 iu
1168 2551 1395 2625 splendidiorem
1410 2553 1668 2628 pulchrioremque
1683 2553 1872 2611 statumelun-

259 2653 404 2714 damantis
428 2648 601 2718 construxit,
618 2651 646 2704 et
670 2649 705 2704 ad
731 2646 849 2704 laudem
873 2648 1083 2720 omnipotentis
1106 2647 1167 2717 Dei,
1184 2666 1286 2706 eorum
1311 2651 1511 2708 sacratissima
1526 2667 1648 2722 corpora
1671 2667 1740 2707 oum
1759 2649 1871 2716 Claudio,
1972 2635 1973 2656 ¹

259 2753 432 2818 Nicostrato,
453 2745 666 2822 symproniano
690 2749 778 2818 atque
803 2745 932 2801 castorio
956 2749 985 2802 et
1010 2744 1171 2818 Simplicio,
1199 2763 1311 2804 necnon
1333 2749 1448 2818 Severo,
1473 2747 1638 2816 Severiano,
1655 2746 1834 2822 Carpophoro
1851 2749 1874 2802 ct

206 2855 239 2911 18
256 2849 415 2915 Victorino,
431 2849 557 2919 quatuor
572 2844 730 2911 fratribus3
747 2843 818 2898 item
833 2843 953 2910 Marius,
965 2843 1091 2900 Audifax
1105 2847 1133 2899 et
1146 2845 1287 2913 Abacum,
1304 2863 1372 2904 cum
1384 2845 1538 2904 Felissimo
1551 2851 1580 2903 et
1593 2843 1873 2920 Agepito,Hippolyto

257 2967 325 3008 cum
339 2933 402 3004 suis
414 2943 535 3001 familiis
550 2944 673 2998 numero
688 2941 787 2998 decem
802 2945 830 2998 et
845 2946 919 3009 octo,
934 2940 1082 3014 Aquilino,
1099 2941 1203 3014 Aquila
1218 2945 1247 2998 et
1261 2941 1369 3014 Prisca,
1386 2943 1522 3001 Narcisso
1546 2947 1575 3001 et
1599 2942 1770 3022 Marcelino,
1785 2941 1873 3025 Felice,

257 3045 462 3116 Simatrioque,
479 3039 610 3098 Candido
633 3043 721 3112 atque
742 3037 875 3106 Paulina,
890 3038 1044 3096 Anastasio
1067 3043 1096 3095 et
1120 3038 1221 3110 Felice,
1235 3040 1387 3113 Apollione
1402 3045 1432 3098 et
1453 3040 1619 3109 Benedioto,
1634 3039 1779 3098 Venantio
1800 3041 1873 3110 atque

258 3144 361 3210 Felice,
378 3141 505 3212 Diogene
520 3140 549 3194 et
563 3135 703 3204 Siberali,
721 3135 803 3192 Festo
828 3141 857 3192 ct
878 3134 1014 3192 Marcello
1029 3140 1117 3208 atque
1132 3136 1315 3209 superantio,
1333 3138 1515 3194 pudentiana
1527 3141 1556 3194 et
1569 3138 1738 3210 Benedicta,
1755 3134 1839 3194 Felice
1851 3137 1874 3189 et
1972 3209 1973 3218 ἵ

255 3237 409 3307 Veuautio‚
424 3251 536 3294 necnon
552 3233 646 3306 capite
662 3231 756 3288 saucii
775 3231 861 3301 Proti,
877 3235 1044 3304 sanctosque
1058 3231 1188 3299 Gauillae,
1205 3233 1299 3291 saneti
1315 3232 1482 3306 Alexandri,
1493 3233 1645 3308 sanctique
1662 3232 1736 3292 Sinti
1751 3236 1779 3289 et
1792 3229 1872 3288 sancti

203 3341 238 3397 15
255 3335 418 3397 Sebastiani
436 3338 523 3406 atque
538 3331 744 3390 sacratissima
760 3329 881 3403 virginis
894 3327 1032 3386 Praxedis
1047 3328 1157 3402 pariter
1169 3329 1225 3387 sah
1240 3347 1322 3388 sacre
1338 3329 1422 3387 altari
1436 3331 1597 3388 recondens
1615 3329 1815 3398 collocavit,et
1826 3327 1873 3384 alia

258 3434 352 3492 malta
367 3447 491 3506 quorum
509 3430 629 3487 nomina
643 3428 701 3484 Deo
717 3433 787 3484 sunt
801 3427 1030 3500 cognita.Super
1042 3427 1118 3500 quod
1129 3427 1217 3484 etiam
1228 3428 1264 3484 ad
1275 3427 1398 3502 gloriam
1409 3427 1553 3487 creatoris
1564 3429 1638 3486 miro
1650 3445 1741 3504 apere
1750 3427 1872 3498 mireque

254 3530 483 3607 pulchritudiuis
499 3527 642 3583 ciborium
657 3544 692 3584 ex
707 3530 826 3598 argento
842 3525 1107 3597 purissimo,aureo
1122 3527 1368 3599 superinductum
1384 3526 1565 3596 colore,cum
1580 3527 1711 3600 gemmis
1725 3524 1844 3600 prasinis
1851 3527 1874 3580 et
1972 3539 1973 3542 ’

253 3627 461 3703 hyacinthinis,
479 3642 600 3698 pensan.
616 3623 706 3680 libras
722 3628 867 3679 trecentas
880 3622 1037 3678 tresdecim
1052 3627 1081 3678 ct
1096 3623 1194 3680 semis.
1213 3623 1266 3681 Ubi
1286 3641 1375 3696 supra
1389 3624 1497 3681 obtulit
1510 3625 1541 3680 in
1556 3625 1661 3682 eadem
1686 3623 1809 3682 ecclesia
1820 3621 1873 3677 vela

251 3728 342 3784 rubea
363 3742 426 3799 quae
450 3723 578 3797 pendent
601 3721 631 3776 in
653 3720 777 3776 circuitu
792 3719 892 3776 altaris
911 3736 1032 3776 numero
1048 3725 1183 3792 quatuor.
1200 3721 1280 3778 ldem
1295 3739 1411 3795 quoque
1424 3722 1632 3779 sanctissimus
1647 3721 1759 3796 praesul
1774 3721 1835 3778 fecit
1848 3719 1871 3774 ia

196 3829 232 3884 20
250 3824 375 3882 oratorio
390 3820 534 3895 praedicte>
546 3820 636 3876 heato
651 3818 880 3891 Barburae,quod
896 3822 1097 3876 constructum
1113 3822 1157 3874 est
1171 3818 1249 3874 infra
1262 3819 1416 3876 eeclesiam
1433 3822 1605 3875 sauctorum
1620 3819 1872 3893 quatuorCaroua-

249 3929 357 3988 torum,
373 3937 510 3977 aaronem
534 3919 570 3974 de
586 3921 716 3990 argento,
733 3933 817 3989 pens.
833 3916 924 3973 libras
939 3916 1104 3973 duodecim.
1121 3917 1239 3973 Necnon
1256 3916 1286 3972 in
1302 3915 1404 3972 eodem
1424 3917 1549 3973 oratorio
1569 3916 1680 3974 obtulit
1694 3915 1833 3990 gubalbas
1844 3913 1873 3968 dc

250 4009 370 4096 argento
386 4019 497 4084 decem,
514 4033 635 4090 pensan.
651 4015 775 4072 libras...
792 4011 991 4071 verumetiam
1008 4013 1037 4068 in
1053 4013 1253 4086 suprascripto
1270 4013 1396 4070 oratorio
1412 4013 1480 4070 feeit
1493 4019 1587 4071 vestes
1609 4015 1645 4072 de
1672 4015 1793 4071 fundato
1813 4017 1872 4078 tres,

247 4119 388 4177 babentes
403 4114 432 4172 in
453 4115 552 4171 medio
567 4129 668 4170 cruces
685 4129 752 4169 cum
768 4112 955 4186 gammadiis,
972 4117 1001 4168 et
1015 4111 1079 4167 vela
1093 4111 1258 4168 duodecim.

284 4216 360 4273 MS
381 4203 539 4271 praedictus
554 4211 643 4268 etiam
659 4210 833 4268 venerabilis
849 4209 979 4283 pontifex
995 4209 1063 4264 fecit
1076 4207 1106 4263 in
1122 4207 1244 4266 basilica
1267 4208 1344 4266 beati
1369 4208 1511 4282 Stephaui
1536 4209 1687 4282 pontilicis
1709 4210 1756 4266 via
1783 4205 1871 4265 Latine

246 4313 383 4372 milliario
397 4311 481 4369 tertio
504 4314 615 4368 vestem
640 4309 675 4365 da
691 4309 813 4365 fundato
838 4324 938 4376 uuam,
954 4323 1023 4363 cum
1046 4323 1131 4362 crrrce
1155 4305 1184 4360 in
1210 4305 1317 4374 medio,
1334 4310 1364 4362 et
1376 4305 1440 4362 vela
1465 4324 1524 4363 sex.
1542 4306 1596 4364 Ubi
1611 4307 1723 4364 obtulit
1736 4311 1869 4382 patenam,

244 4419 273 4471 ct
287 4413 408 4470 calicem
423 4413 560 4468 sanctum
585 4406 734 4463 medicum
750 4407 786 4462 de
801 4409 932 4480 argenta,
949 4422 1071 4478 pensan.
1087 4403 1155 4460 libr.
1172 4420 1261 4461 uuam
1278 4407 1307 4460 et
1320 4403 1419 4461 semis.
1436 4403 1549 4461 Obtulit
1576 4406 1665 4462 etiam
1691 4403 1868 4462 beatissimas

245 4508 352 4585 praeeul
367 4509 397 4565 in
412 4506 535 4564 ecclesia
551 4505 626 4562 beati
642 4503 784 4577 principis
799 4502 998 4574 apostolorum
1014 4499 1199 4558 thuribulum
1215 4501 1251 4557 de
1266 4505 1387 4574 argento
1402 4507 1541 4559 exaurata
1558 4502 1756 4576 apostolieum
1770 4499 1869 4574 legente

245 4624 352 4665 nomen
368 4604 479 4663 domini
496 4603 601 4662 Leonis
615 4601 713 4676 quarti
728 4618 820 4674 papae,
836 4617 919 4673 pens.
936 4599 1026 4656 libras
1041 4601 1175 4672 quatuor.
1190 4598 1246 4655 Ubi
1261 4597 1349 4656 etiam
1365 4599 1395 4654 iu
1410 4600 1537 4656 oratorio
1561 4599 1639 4658 beati
1656 4599 1788 4675 Gregorii
1808 4613 1867 4652 cou-

244 4705 363 4761 fessoris
378 4708 469 4776 atque
478 4700 625 4775 pontificis
639 4699 706 4756 fecit
721 4703 832 4755 vestem
849 4697 883 4754 de
898 4697 1019 4753 fundato
1035 4713 1102 4753 cum
1119 4695 1306 4770 gammadiis,
1323 4701 1351 4753 et
1367 4714 1483 4755 erucem
1498 4715 1533 4754 ex
1548 4702 1670 4772 argento
1685 4703 1766 4756 texto
1781 4710 1867 4753 unam.

245 4800 440 4856 Similiteribi
456 4799 563 4872 ipsein
579 4796 704 4855 oratorio
721 4793 799 4853 beati
814 4793 943 4868 pastois
958 4794 1096 4867 martyris
1114 4798 1225 4850 vestem
1246 4793 1309 4866 pari
1334 4795 1421 4852 modo
1447 4795 1515 4852 fecit
1537 4812 1638 4852 unam.
1654 4795 1775 4853 Necnon
1798 4795 1823 4850 et
1842 4790 1866 4844 ia

243 4895 368 4952 oratorio
393 4896 482 4952 beata
507 4897 556 4953 Dei
581 4894 749 4962 Genitricis,
765 4911 829 4966 queo
852 4891 972 4965 ponitur
996 4891 1032 4948 ad
1055 4892 1222 4960 ambonem,
1239 4892 1341 4948 eodem
1366 4894 1453 4950 modo
1468 4893 1538 4950 feeit
1551 4898 1661 4951 vestem
1680 4911 1783 4950 uuam.
1799 4887 1865 4947 latin

241 4992 366 5051 oratorio
382 4997 487 5048 sancte
503 4999 531 5048 et
546 4993 768 5064 superexaltato
784 4990 879 5048 crucis
897 4991 965 5047 fecit
978 4995 1089 5047 vestem
1100 4989 1191 5046 simili
1207 4992 1293 5047 modo
1306 5007 1407 5049 unam.
1425 4993 1543 5049 Necnon
1560 4997 1588 5050 et
1601 4991 1631 5048 iu
1647 4991 1787 5061 oratorio,
1798 4985 1864 5063 quod

187 5095 223 5153 lO
241 5092 360 5167 ponitur
376 5091 412 5146 ad
426 5089 547 5158 fontem,
564 5091 631 5146 feeit
646 5089 781 5147 similiter
793 5094 904 5146 vestem
919 5105 1019 5158 unam,
1036 5093 1065 5145 ot
1078 5087 1141 5146 vela
1154 5089 1190 5146 de
1205 5088 1397 5163 quadrapulo.

277 5190 352 5247 otu
374 5189 438 5261 lpse
452 5203 520 5242 aero
535 5187 708 5244 venerabilia
720 5191 747 5242 et
759 5185 916 5260 preclarus
932 5187 1061 5260 pontifex
1076 5183 1143 5243 fecit
1157 5185 1187 5241 in
1203 5184 1325 5243 ecelesia
1339 5192 1508 5244 sanctorum
1521 5192 1648 5261 quatuor
1661 5187 1865 5245 Cerauniorum

241 5306 330 5363 super
345 5286 436 5344 altare
453 5285 564 5356 majore
577 5287 687 5339 vestem
704 5284 740 5339 de
756 5285 877 5340 fundato
892 5301 959 5340 cum
974 5299 1058 5339 cruce
1070 5283 1099 5340 in
1111 5284 1210 5361 medio
1226 5289 1254 5340 et
1268 5285 1463 5358 gammadias,
1481 5289 1510 5343 et
1524 5287 1553 5342 in
1566 5304 1637 5361 gyro
1651 5285 1756 5344 lislam
1766 5288 1800 5343 de
1812 5284 1866 5341 fun·

242 5390 310 5445 dato
336 5403 437 5442 unam.
454 5383 507 5440 Ubi
532 5399 623 5456 supra
636 5381 667 5436 in
683 5380 808 5438 oratorio
832 5386 938 5437 sancte
958 5381 1092 5437 Barbarae
1117 5381 1254 5439 similiter
1275 5382 1344 5439 fecit
1363 5388 1474 5442 vestem
1491 5386 1527 5442 de
1543 5384 1663 5442 fundato
1679 5401 1783 5443 unam.
1798 5383 1830 5440 Et
1841 5380 1866 5436 iu

241 5485 365 5541 oratorio
381 5482 475 5541 saneti
491 5482 564 5539 Sixti
579 5480 681 5536 eodem
698 5479 765 5535 fecit
780 5483 890 5535 vestem
905 5479 1049 5534 unumlit
1061 5477 1090 5534 in
1102 5479 1227 5536 oratorio
1239 5479 1332 5536 sancti
1343 5481 1451 5538 Nicolui
1461 5482 1598 5541 similiter
1606 5481 1671 5540 fecit
1686 5462 1866 5540 veetemcum

204 5585 221 5643 5
240 5580 340 5655 aquila
363 5599 430 5638 una.
447 5581 564 5638 Necnon
580 5579 653 5636 etin
668 5577 791 5636 ecclesia
809 5577 911 5634 eadem
935 5576 1005 5634 fecit
1026 5577 1170 5634 cortinam
1195 5577 1304 5636 lineam
1325 5595 1393 5636 cum
1412 5597 1498 5638 cruce
1521 5581 1553 5637 in
1578 5579 1683 5649 medio,
1701 5582 1732 5637 et
1756 5579 1786 5636 in
1804 5589 1864 5652 gyro

239 5679 339 5737 lislam
355 5679 391 5735 de
407 5678 528 5736 fundato
540 5677 620 5735 mirae
635 5674 856 5752 magnitudinis.
876 5673 934 5733 Piis
949 5673 1091 5745 moribus,
1107 5675 1154 5732 bis
1170 5676 1320 5751 sacrisque
1334 5681 1508 5752 peromctus
1522 5678 1658 5753 operibus
1672 5693 1755 5754 papa
1768 5671 1864 5735 obtulit

239 5775 270 5838 in
286 5775 392 5854 sapius
408 5779 569 5840 memorata
584 5792 673 5858 quam
689 5775 782 5838 frctus
797 5777 897 5834 amore
915 5771 1168 5834 fundaverataula
1183 5777 1321 5853 patenam
1336 5781 1505 5855 exurgente
1520 5775 1692 5858 purissimo,
1709 5791 1798 5840 aureo
1815 5789 1861 5836 ea·
