3998 6158
218 225 280 290 887·
630 279 636 294 .
789 219 999 290 ostarsalt
1018 212 1347 290 statioraccann.
1833 221 1881 294 dte

218 358 378 418 servandas
392 355 469 414 inter
484 352 650 414 Romanum
666 355 880 429 pontificem,ct
890 357 1040 414 Ravenna·
1055 357 1081 426 A
1097 355 1202 412 certior
1212 355 1308 412 lactus
1316 351 1374 410 init
1384 351 1420 408 dc
1429 343 1579 424 pontificio
1591 344 1711 434 decreta,
1720 349 1748 408 id
1758 351 1808 411 sibi
1819 357 1885 418 vata
1970 341 1971 402 l

218 429 456 488 tementistitcm.
465 426 689 502 agnellnscnim
700 427 1043 485 nullumverburnhabct
1097 430 1210 482 menter
1224 424 1369 497 placuisse
1383 423 1718 480 abundetestatnsestrn
1727 423 1888 503 suislitteris„

217 501 252 557 ds
268 499 453 574 imperatoris
466 499 600 573 jussione
613 517 620 567 ;
636 498 696 555 imo
719 499 824 556 asserit
836 498 898 556 loco
911 499 1041 564 laudato,
1096 515 1170 569 quas
1186 495 1375 570 appellabant
1389 493 1508 564 divales,
1515 497 1549 550 ut
1560 492 1633 549 bene
1647 491 1759 551 liabens
1772 499 1888 556 inexcita
1970 529 1971 556 i

217 571 402 629 Theodoram
426 571 566 629 simulate
590 571 700 634 animo.
715 577 744 627 et
766 575 878 628 secreta
897 570 1041 628 foventem
1095 572 1143 626 tus
1158 569 1294 624 observat
1308 566 1556 650 inllistllcoucsn.
1571 564 1609 623 ad
1628 566 1802 650 sunamiti,
1816 585 1887 642 quen

217 642 340 702 consilis
354 659 422 700 cum
444 642 576 700 Romano
614 641 741 708 antideo,
759 640 950 698 aRavennati
965 640 1041 698 clero
1095 639 1170 696 vide.
1180 639 1243 696 l'rllc
1256 639 1340 696 ctiam
1352 637 1572 695 monacnum
1584 635 1890 711 eminentemque
1970 643 1971 690 l

217 714 341 774 Romam
370 713 541 772 discessisse
557 729 564 770 ι
580 659 612 770 el
638 717 777 787 praterea
804 711 964 786 imperator
990 712 1042 770 ubi
1095 710 1263 782 Pontificclr',
1275 709 1420 782 papatis,
1434 707 1501 766 edit.
1517 706 1730 768 licdioicncnsis.

681 1003 861 1075 LXXXlll.
891 1001 1084 1074 SANCTUS
1116 999 1379 1073 sensuimus
1411 999 1452 1072 ll.

743 1194 825 1242 inno
847 1193 968 1242 canisrr
988 1177 1060 1252 cst,
1083 1189 1189 1240 coner.
1211 1189 1319 1241 rocoa.
1343 1175 1392 1236 tr.

336 1455 414 1510 m
440 1445 637 1518 Benedictus,
683 1444 811 1507 natione
852 1447 1027 1522 Romanus,
1070 1461 1108 1506 ex
1150 1446 1239 1524 patre
1279 1443 1414 1520 Ioanne,
1447 1441 1528 1505 sedit
1568 1459 1691 1505 menses
1731 1443 1830 1506 decem
1848 1447 1891 1528 (ul,

293 1555 360 1618 dics
400 1554 579 1616 duodecim.
622 1553 678 1615 llic
720 1552 760 1614 ab
801 1551 931 1615 ineunte
972 1557 1065 1616 aetate
1105 1571 1163 1614 sua
1203 1551 1350 1614 licclceine
1391 1551 1549 1626 militavit,
1592 1556 1689 1633 atquc
1728 1570 1760 1614 se
1796 1553 1835 1616 sic
1868 1555 1893 1618 in

219 1695 222 1698 -
293 1661 406 1724 avana
448 1659 618 1742 scamna
658 1665 691 1722 a
716 1639 939 1724 'meritonia
980 1657 1093 1740 patrm
1134 1662 1227 1722 arsa
1268 1663 1300 1720 a
1339 1658 1373 1722 n
1414 1657 1602 1740 presbyterii
1644 1657 1794 1737 operae
1824 1659 1895 1730 exn.

291 1767 371 1842 huit,
393 1771 429 1828 ut
458 1765 548 1828 decet
576 1765 679 1828 virum
710 1785 767 1828 suo
797 1765 925 1828 nominc
955 1765 1099 1846 dignum,
1122 1765 1153 1826 in
1183 1783 1247 1845 quo
1277 1783 1350 1826 vere
1381 1781 1526 1845 supernae
1558 1763 1783 1836 benedictionis
1810 1767 1894 1846 gretia

216 1895 219 1902 ’
250 1873 490 1946 eredundavtt,
514 1875 546 1934 et
567 1873 695 1935 nomine
718 1873 836 1954 pariter
857 1878 889 1934 et
909 1873 1068 1954 operibus,
1092 1876 1128 1935 ut
1149 1871 1263 1952 dignus
1293 1871 1333 1933 ad
1364 1869 1519 1952 pontificii
1551 1871 1694 1952 regimen
1729 1872 1893 1952 perveniret.

290 1978 488 2058 paupertatis
533 1983 668 2052 amator,
711 1977 850 2054 humilis,
895 1984 1088 2055 mansuetus,
1130 1977 1314 2060 patientiam
1352 1977 1485 2047 babens,
1523 1982 1619 2059 atque
1662 1995 1757 2042 uranu
1801 1977 1893 2060 largis·

292 2085 372 2146 sima
393 2083 446 2166 (bl.

332 2197 412 2252 m
435 2190 492 2252 llic
513 2188 676 2252 ecclesiam
699 2189 783 2252 beati
803 2191 888 2252 Petri
918 2189 1066 2272 apostoli,
1089 2191 1143 2254 sed
1166 2196 1198 2253 ct
1218 2189 1303 2254 beati
1332 2189 1493 2253 Laurentii
1523 2191 1775 2271 martyriaque
1803 2191 1893 2272 appel·

290 2296 375 2358 latur
394 2296 534 2370 Luciam,
556 2297 754 2358 restauravit.
776 2297 919 2378 itemque
939 2298 972 2358 in
995 2297 1126 2360 eeclesia
1147 2297 1232 2360 beati
1252 2297 1412 2360 Valentini
1432 2297 1484 2358 via
1503 2296 1661 2358 Flaminia
1688 2297 1761 2358 lecit
1785 2311 1894 2378 cooper-

290 2403 406 2465 torium
428 2419 523 2482 super
544 2402 644 2464 altare
666 2421 738 2464 cum
760 2403 856 2465 clavis
877 2408 908 2466 ct
929 2403 1060 2465 lastcllis
1082 2403 1181 2486 (c)‚-et
1201 2403 1233 2464 in
1256 2403 1387 2466 circuitu
1409 2401 1586 2484 palergium
1608 2401 1656 2485 (d)
1677 2403 1892 2484 chrysoclavun

288 2507 562 2590 pretiosissimum.
585 2507 736 2572 Similiter
756 2514 788 2571 et
817 2509 849 2570 in
881 2507 1012 2572 ecclesia
1045 2509 1147 2572 beatae
1177 2508 1285 2571 Mariae
1315 2509 1356 2570 ad
1386 2509 1540 2590 Martyres
1567 2508 1656 2570 aliud
1685 2508 1893 2590 coopertorium

248 2618 267 2677 5
288 2615 547 2698 porphyreticum
569 2635 641 2678 cum
663 2634 756 2678 cruce
777 2622 808 2678 et
828 2616 996 2696 gemmulis
1026 2620 1164 2698 quatuor
1193 2611 1426 2696 chrysoclavos,
1450 2619 1482 2676 et
1511 2615 1544 2676 in
1574 2613 1711 2678 circuitu
1740 2613 1893 2696 palergium

289 2721 328 2784 de
349 2721 524 2784 holoserico
547 2721 807 2802 pulcherrimum,
820 2740 943 2784 necnon
959 2727 990 2785 ct
1010 2722 1043 2784 in
1064 2722 1157 2785 titulo
1178 2721 1391 2802 suprascripto
1415 2721 1541 2782 Lucinae
1563 2719 1662 2782 aliurn
1685 2719 1894 2802 coopertorium

289 2833 435 2891 ornatum
457 2827 681 2892 holosericum.
705 2828 791 2891 Fecit
811 2833 917 2890 autern
939 2828 1053 2890 calices
1074 2847 1188 2891 aureos
1210 2825 1429 2890 ministeriales
1449 2827 1540 2898 duos,
1563 2846 1656 2908 pens.
1679 2825 1792 2907 singul.
1813 2825 1892 2886 libras

290 2933 444 3013 singulas.

332 3048 413 3103 m
449 3039 508 3102 Hic
548 3041 687 3122 suscepit
727 3039 845 3102 divales
883 3039 1041 3120 jussiones
1091 3039 1327 3104 clementissimi
1376 3037 1575 3102 Constantini
1615 3037 1727 3118 magni
1766 3035 1893 3120 principis

287 3145 328 3207 ad
367 3146 581 3209 venerabilem
622 3147 753 3214 clerum.
797 3152 830 3208 et
870 3148 1038 3229 populum,
1080 3153 1176 3229 atque
1217 3146 1432 3210 felicissimum
1474 3141 1651 3208 exercitum
1694 3147 1837 3206 Romana
1858 3143 1893 3204 ci-

288 3252 402 3328 vitatis,
447 3271 503 3335 per
544 3273 623 3333 qnae
666 3253 829 3328 concessit,
873 3260 908 3316 ut
926 3253 941 3280 *
974 3272 1119 3336 persona,
1163 3255 1219 3334 qui
1259 3253 1376 3316 electus
1416 3252 1512 3316 luerit
1552 3251 1594 3317 ad
1636 3251 1744 3316 sedem
1783 3254 1892 3334 aposto·

288 3359 394 3434 licam,
437 3377 455 3422 e
495 3360 628 3441 vestigio
670 3360 790 3442 absque
830 3357 979 3423 tarditate
1030 3361 1171 3442 pontilex
1220 3359 1396 3422 ordinetur.
1439 3358 1496 3420 llic
1537 3376 1602 3420 una
1644 3377 1717 3420 cum
1756 3358 1834 3420 clero
1868 3359 1893 3416 ct

246 3467 426 3529 dexercitu
468 3467 605 3548 suscepit
646 3467 799 3530 mallones
834 3465 872 3548 (e)
905 3467 1091 3547 capillorum
1137 3465 1248 3530 domni
1288 3465 1459 3530 lastiniani
1502 3467 1534 3530 ct
1576 3459 1735 3540 Heraclei,
1777 3463 1891 3526 liliorum

286 3571 521 3633 clementissimi
562 3571 724 3652 principis,
754 3571 848 3632 simul
890 3576 922 3633 ct
958 3571 1133 3650 jussionem
1175 3590 1232 3653 per
1273 3589 1369 3654 quarn
1410 3569 1569 3649 significat
1610 3570 1741 3633 eosdem
1781 3567 1892 3650 capillos

287 3675 447 3738 direxisse.
471 3676 571 3756 liujus
614 3677 808 3758 temporibus
848 3679 997 3759 apparuit
1037 3679 1129 3742 stella
1169 3682 1266 3741 noctu
1303 3676 1398 3758 juxta
1442 3676 1561 3757 vigilias
1582 3676 1624 3760 (s)
1649 3696 1707 3760 per
1732 3676 1810 3740 diem
1829 3673 1893 3736 coln

288 3801 400 3847 screno
441 3785 525 3848 inter
565 3785 767 3848 Nativitatem
809 3787 935 3848 Domini
977 3792 1009 3849 ct
1048 3787 1292 3869 'theophaniam
1334 3787 1519 3849 omnimodo
1570 3786 1774 3861 obumbrata,
1815 3780 1894 3845 relati

288 3891 365 3954 luna
405 3893 463 3954 sub
506 3891 601 3956 nube.
643 3895 786 3973 itemque
827 3913 934 3958 mense
976 3891 1159 3970 Februario,
1188 3899 1260 3976 post
1300 3894 1405 3956 natale
1446 3879 1557 3954 sancti
1589 3891 1753 3978 Valentini
1780 3873 1820 3953 in
1855 3887 1894 3949 dic

228 3999 267 4059 ro
288 3999 329 4060 ab
371 4017 482 4061 occasu
525 3999 601 4061 exiit
643 3999 734 4061 stella
775 4000 916 4076 meridie,
941 4006 973 4063 ct
1001 4001 1035 4062 in
1078 4007 1182 4083 partes
1223 4001 1353 4064 orientis
1394 3999 1577 4061 declinavit.
1598 4001 1678 4062 Post
1718 4000 1785 4062 haec
1822 4009 1895 4058 mons

275 4101 402 4166 ‘Bcbins
443 4103 497 4186 (p),
542 4103 596 4185 qui
637 4109 685 4166 cst
724 4105 757 4166 in
800 4106 984 4187 Campania,
1016 4125 1124 4170 mense
1165 4107 1277 4169 tiartio
1319 4105 1474 4168 eructavit
1514 4124 1571 4186 per
1611 4103 1711 4180 diem,
1740 4111 1771 4168 et
1808 4100 1894 4164 omnis

286 4209 356 4274 loca
396 4210 643 4292 circumquaque
685 4229 751 4292 prm
792 4213 923 4293 pulvere
964 4213 1078 4276 cineris
1118 4215 1203 4276 illius
1245 4211 1453 4276 exterminata
1493 4218 1578 4275 sunt.
1600 4211 1730 4275 Clarum
1771 4207 1895 4272 videlicet
1970 4199 1971 4228 l

285 4317 415 4381 diversis
456 4315 619 4380 ordinibus
660 4318 693 4380 iu
735 4318 787 4381 die
829 4325 937 4382 sancto
979 4320 1110 4384 Paschae
1151 4320 1327 4384 honoribus
1367 4318 1544 4400 ampliavit.
1567 4319 1628 4392 Oui
1670 4338 1688 4381 a
1729 4315 1850 4408 vestigio
1867 4311 1893 4372 in

286 4424 503 4488 infirmitatem
544 4425 667 4500 incidit,
710 4431 743 4487 et
783 4432 856 4506 post
897 4425 963 4489 dies
1005 4425 1128 4508 aliquot
1168 4427 1353 4489 defunctus·
1376 4431 1435 4488 est.
1479 4425 1546 4486 llic·
1576 4425 1699 4488 dimisit
1739 4423 1823 4487 omui
1842 4419 1893 4482 cle·

228 4529 267 4590 {5
289 4550 335 4607 ro,
379 4532 588 4606 monasteriis,
631 4531 785 4594 diaconim
827 4537 859 4596 et
899 4533 1122 4596 mansionariis
1163 4533 1232 4596 anri
1272 4533 1370 4596 libras
1411 4531 1552 4612 triginta.
1575 4532 1663 4594 Fecit
1704 4536 1807 4594 autem
1831 4524 1894 4607 cpia

286 4655 383 4719 ccpos
423 4657 480 4720 per
520 4638 645 4701 diversa
686 4638 755 4700 loca
796 4657 929 4701 numero
970 4639 1151 4702 duodecim.
1174 4640 1233 4712 oni
1254 4639 1349 4702 etiam
1376 4639 1517 4719 sepultus
1558 4643 1606 4700 cst
1635 4638 1678 4700 ad
1706 4637 1828 4700 beatum
1846 4634 1893 4692 Pe·

287 4747 370 4805 trnm
392 4745 571 4825 apostolum
593 4745 652 4807 sub
673 4743 724 4808 dic
746 4761 802 4808 vni
830 4747 904 4812 ldue
934 4737 1021 4822 Maii,
1045 4753 1076 4809 ct
1096 4746 1232 4810 cessavit
1252 4745 1452 4827 episcopatus
1476 4763 1597 4808 menses
1618 4743 1712 4821 duos,
1734 4743 1799 4806 dica
1817 4735 1893 4820 quln-

289 4849 401 4912 decim.
720 4857 722 4862 '

798 4968 925 5016 narona
945 4969 1141 5018 concinnans
1162 4967 1322 5018 raenorri.

242 5069 279 5144 (n)
295 5074 326 5140 n,
342 5070 370 5136 8,
387 5069 448 5154 dies
465 5073 508 5128 17.
524 5073 562 5146 (b)
579 5079 610 5142 a,
625 5072 823 5148 largissimus.
841 5075 875 5148 (c)
891 5077 901 5101 ⁸
919 5075 1046 5134 lintellis.
1062 5077 1101 5148 (d)
1116 5079 1128 5104 ⁶
1144 5076 1336 5152 perlargum.
1353 5075 1390 5146 (e)
1404 5073 1557 5144 mallones,
1575 5075 1606 5132 id
1619 5075 1766 5133 estrimes.
1783 5070 1840 5129 ttae
1851 5069 1894 5122 Bt·
1970 5047 1971 5068 ἢ

205 5155 267 5198 ron.
283 5157 350 5198 nnn.
366 5141 419 5198 cet
435 5157 464 5198 aa
478 5143 542 5216 fine.
561 5148 597 5218 (s)
611 5147 682 5218 sorte
695 5143 848 5219 Vergilias.
865 5147 907 5222 (q)
920 5150 990 5220 forte
1004 5147 1158 5207 Vesuvina.

885 5262 1007 5321 valtis
1026 5263 1236 5322 ascalonas.

445 5356 590 5414 deradice
606 5358 792 5415 l'cllicetlano.
1048 5364 1072 5430 Β
1122 5349 1890 5418 Nam.152.stasne.Vatmtsseemetsvistnflesttis

242 5439 323 5498 Nam.
338 5439 399 5500 151.
417 5446 467 5504 tin
482 5447 495 5502 l
512 5443 939 5504 cod.l'cllicell.corrccrdctcam
956 5449 1031 5522 liep,
1087 5435 1115 5489 ei
1131 5434 1159 5488 3¹¹
1175 5433 1329 5489 &mullum
1345 5425 1891 5559 perlargiumlffle'hmarmmlchww
1970 5481 1971 5512 q

207 5509 279 5569 Mac.
295 5521 320 5570 et
337 5515 480 5574 inconst
494 5518 534 5573 ita
548 5520 625 5576 lind.
640 5517 794 5578 ttnzdeesr
808 5533 860 5574 voc
876 5521 990 5576 suatim
1004 5523 1031 5591 5,
1087 5504 1201 5561 filiium
1213 5508 1285 5576 pret.
1297 5501 1433 5558 Sifflllllssi
1447 5518 1476 5557 ¹¹¹
1491 5518 1554 5585 ⁰⁰⁰,
1605 5502 1892 5586 ,filiii-baffi&
1970 5519 1971 5588 l

206 5584 267 5639 red,
284 5585 403 5643 nomine
428 5587 538 5662 puriter
558 5595 587 5646 eq
606 5606 653 5663 op⁸
671 5593 704 5645 ut
718 5589 824 5662 dignus
840 5589 875 5644 ad
891 5591 1032 5662 pontificii
1087 5573 1322 5632 lasetclavoslll
1333 5567 1893 5700 suraclavos,etrncircuitumgalentum

205 5653 337 5742 mgimeq
351 5660 522 5729 perveniret.
539 5661 606 5718 Fuit
620 5664 719 5718 antem
729 5661 910 5735 paupertatis
918 5669 1033 5722 amator
1087 5649 1123 5704 di
1133 5646 1285 5722 ⁰¹⁰⁸lii⁰⁰·
1298 5645 1347 5702 ill·
1357 5646 1532 5719 ⁷r⁰i¹¹⁸i¹¹¹¹¹
1542 5643 1745 5720 ῧθῦῙῦΒΥῑὶῡῦ·
1778 5637 1896 5707 “itm

204 5723 236 5787 h.
253 5742 293 5786 m.
308 5743 388 5806 prus,
402 5737 453 5790 etc.
468 5739 500 5791 ct
512 5731 604 5793 madi.
620 5730 697 5794 codd.
