4072 6170
140 230 200 303 191
518 233 1018 308 maroniiunurtsnou.
1041 207 1477 308 9999-199999999,
1790 243 1852 326 isi

143 363 808 442 essovideauturlitquiioaanisoreationeui
819 385 970 443 praecesse
983 373 1012 444 p,
1334 409 1335 413 ,
1377 374 1498 436 ΜΑΕΕΙ.

142 438 219 495 runt.
232 438 381 568 Quidquid
398 443 496 498 autem
512 441 551 496 sit
565 433 600 497 de
620 436 675 497 hac
692 457 723 497 re
747 439 836 498 nullis
861 441 969 501 testata

140 525 302 566 monumen
326 515 436 579 999119
443 516 511 568 9919
521 511 634 568 9911919
646 511 768 570 ioannis
778 511 816 569 iv
825 512 968 570 exarchus

140 581 374 640 Ravennatensis
386 583 554 642 facultatem
565 583 758 642 confirmandi
773 583 921 658 pontilicis
931 584 968 642 ab

139 651 316 726 imperatore
337 652 464 710 Orientis
487 653 608 731 accepit.
624 653 753 714 ioannes
767 671 835 714 vero
851 653 888 712 IV
902 658 969 728 post

137 723 321 782 vacationem
332 725 410 782 sedis
421 725 568 783 mensium
581 727 641 782 199
657 726 770 783 9191991
780 725 968 795 9191119991

137 796 233 852 Codex
263 795 484 853 119991199991
502 801 530 853 et
553 796 696 854 Theanus
710 800 742 867 2,
758 813 832 870 quos
861 797 967 870 Pagius

135 869 266 922 testatur
281 882 312 922 se
332 867 535 936 mesvidisse,
546 885 605 925 nori
622 868 743 936 919129,
758 871 792 924 91
814 883 967 950 perperam

134 937 277 1010 vulgatas
292 937 402 1010 aliique
412 939 521 1011 quibus
532 940 710 1012 sullragatur
722 938 968 1004 Ordericus,ordi·

133 1013 225 1068 natus
240 1013 288 1065 est
302 1026 379 1068 anno
402 1011 557 1068 emortuali
581 1010 711 1068 Severini
727 1011 789 1078 610,
801 1009 847 1068 919
861 1011 895 1066 st
913 1010 967 1068 De·

131 1076 278 1148 cambris,
291 1077 390 1138 1111919
403 1082 427 1138 Α
446 1081 630 1148 Dominicali,
647 1078 785 1154 indicato.
798 1081 890 1154 quue
908 1098 966 1137 non

129 1151 224 1207 niodo
256 1155 317 1208 atet
326 1152 363 1208 ab
374 1151 453 1209 inter
472 1153 601 1210 1191111919
612 1169 679 1209 9991
695 1153 885 1236 precedente,
898 1169 966 1209 nain

127 1169 408 1305 11919911191939911
422 1169 495 1280 91119
506 1225 542 1282 24
554 1224 844 1308 Decembris-distant
856 1223 967 1282 meusi-

126 1291 187 1353 bus
205 1297 345 1367 quatuor,
358 1293 462 1354 diebus
484 1295 530 1364 21,
546 1294 700 1354 emortuali
718 1294 848 1365 inclusa;
864 1311 966 1352 verum

124 1363 222 1420 911991
238 1365 422 1422 adunatione
434 1366 513 1424 sedis
523 1366 656 1440 ejusdem
668 1366 791 1423 ioannis
802 1365 848 1435 IV,
861 1382 966 1439 nempe

123 1435 318 1507 1191999991,
330 1453 424 1506 19999,
435 1439 463 1506 9,
475 1438 591 1507 919118,
602 1438 879 1512 quoteignanturin
890 1443 966 1496 cata·

120 1503 208 1582 togis
219 1511 250 1564 et
260 1508 340 1590 Oodd
352 1507 508 1635 plerisque,
521 1509 696 1636 quibuscum
712 1509 965 1566 consentiuntitA.
1381 1489 1488 1548 PAGH·

122 1578 965 1734 ἒξῷᾓῑᾷξιὶιᾙιᾈι11ἒ191119191ΐ13α11191111ῂ11111119
1055 1645 1293 1729 lurae-‚flii
1317 1649 1483 1720 temporibus
1509 1650 1728 1735 9991999999
1756 1669 1842 1736 9999,

124 1716 187 1777 diei
204 1737 297 1780 unius
313 1717 484 1780 discrimine
498 1727 603 1798 praeter
613 1739 724 1779 annum
736 1727 765 1779 et
776 1739 901 1789 1999999,
914 1721 965 1780 ha·
978 1749 1006 1818 B
1018 1721 1092 1775 19919
1102 1719 1266 1802 19991999,
1278 1733 1330 1791 per
1342 1735 1458 1775 ornnem
1469 1719 1643 1777 Dalmatiam
1660 1739 1711 1780 999
1728 1723 1843 1780 istriam

125 1791 204 1848 9991
215 1792 279 1850 dies
290 1793 334 1862 19,
342 1791 592 1866 quemadmodum
600 1792 659 1850 Ood
670 1793 694 1849 11
732 1792 787 1858 199,
795 1793 962 1850 Mazarlnus
1018 1786 1842 1875 9191199999991999919999911999991999999919191199,

129 1868 160 1924 et
174 1863 323 1930 Theanus
334 1863 609 1946 primusbabeient,
630 1863 688 1921 nisi
698 1863 717 1920 li
741 1864 816 1922 rario
826 1864 963 1922 oscitanti
1017 1865 1095 1920 9119
1111 1861 1246 1918 Serenae
1261 1860 1399 1932 dutinus,
1408 1860 1629 1933 dilapidaverat,
1639 1864 1777 1938 reliquas,
1792 1883 1844 1938 per

133 1933 274 1994 denarius
285 1933 450 2004 excidisset,
463 1933 583 2018 diesque
596 1939 710 1992 tantum
722 1951 825 1992 novem
837 1935 962 2008 appositi
1017 1929 1223 1988 fidelissimum
1243 1935 1272 1987 et
1288 1929 1509 1988 sanctissimum
1528 1931 1687 2004 Martinum
1708 1936 1843 1993 abbatem

133 2005 313 2080 ingerentur.
326 2005 363 2062 ur
376 2023 475 2064 revera
489 2023 506 2062 9
519 2007 566 2062 919
581 2005 773 2063 ordinationis
787 2009 823 2062 21
837 2005 962 2062 Decemb
1017 2000 1107 2070 misit,
1124 2007 1243 2085 propter
1257 2002 1486 2085 redempttqnem
1503 2004 1696 2076 captivorum,
1707 2023 1780 2079 quos
1796 2008 1842 2064 de·

137 2079 194 2136 919
203 2077 229 2136 91
251 2095 299 2136 an.
312 2079 337 2134 1.
356 2091 439 2140 19999
453 2077 480 2148 9,
497 2078 526 2135 9.
544 2079 577 2134 18
590 2081 809 2146 enumerentur,
822 2078 858 2134 ad
883 2077 962 2136 diem
1017 2073 1137 2146 predati
1148 2077 1234 2132 erant
1263 2073 1377 2132 sutiles.
1387 2075 1507 2132 ’1119999
1517 2081 1614 2136 991991
1627 2093 1663 2134 99
1673 2081 1842 2134 sanctarum
1940 2127 1943 2132 .

141 2147 313 2206 1109199119
333 2148 500 2222 pervenitur
522 2146 713 2207 emortualem
738 2147 860 2205 ioannis
877 2147 922 2216 lV,
934 2153 963 2204 91
1017 2143 1146 2228 19119919
1162 2089 1348 2228 1999199119
1362 2145 1523 2217 patriasua
1534 2144 1693 2204 abarbarls
1707 2145 1844 2206 hostibus

141 2219 178 2278 ad
195 2221 270 2278 diem
291 2221 326 2276 l2
345 2236 397 2276 ssu
414 2237 442 2276 iv
462 2217 530 2276 ldus
546 2218 678 2276 Octobris
702 2235 769 2275 cuni
794 2217 962 2292 pontificem
1016 2215 1669 2288 incumbentibusdissiparentur,sancteruni
1680 2224 1843 2293 martyrum

139 2291 382 2364 emataposiium
412 2291 451 2353 ad
469 2291 499 2348 S.
516 2291 633 2351 Petram
663 2291 751 2350 991911
777 2289 961 2357 Anastasius,
1016 2286 1320 2356 Venantii,Anastasii
1336 2291 1365 2342 et
1379 2287 1475 2344 Mauri
1489 2287 1627 2361 reliquias
1646 2291 1682 2351 99
1702 2291 1843 2348 Dalmatia

141 2357 167 2420 sl
182 2363 213 2419 19
227 2365 419 2420 numerentur
434 2379 441 2419 z
458 2359 589 2419 solemne
607 2359 685 2418 99191
705 2365 750 2418 991
764 2359 919 2418 Anastasio
934 2365 963 2416 et
1017 2361 1047 2414 91
1061 2357 1146 2414 191119
1158 2357 1264 2413 adduci
1280 2355 1427 2431 praecepit,
1438 2362 1512 2415 teste
1527 2359 1628 2416 eodem
1639 2360 1804 2431 Anastasio,
1815 2368 1845 2419 91

140 2433 277 2507 catalogis
292 2433 469 2507 quandoque
493 2433 570 2490 diem
586 2433 700 2500 mortis,
711 2432 887 2504 quandoque
913 2431 963 2488 de·
1017 2429 1181 2485 recondidit
1195 2445 1245 2485 aas
1261 2428 1291 2483 iri
1307 2427 1430 2485 99919919
1446 2430 1646 2500 Lateranum,
1656 2433 1686 2488 in
1702 2433 1843 2506 peculiari

139 2504 291 2587 positionis
305 2521 468 2576 recensere,
478 2508 510 2564 91
529 2503 640 2578 passim
656 2502 780 2576 diligens
795 2503 964 2562 observator
1017 2499 1283 2582 matorioqquadin
1294 2499 1427 2582 ipsarum
1438 2501 1579 2560 bonorem
1590 2503 1844 2576 construxitjuxta

139 2577 272 2636 inveniet.
1018 2570 1222 2642 baptisterium
1238 2570 1433 2638 Constantini,
1447 2573 1523 2644 quod
1540 2573 1681 2630 hactenus
1697 2575 1843 2648 integrum

467 2679 633 2738 encou-
1017 2641 1844 2790 999919119991199999

176 2786 262 2845 hines
279 2790 304 2846 1.
321 2819 356 2829 -
379 2787 494 2846 lomnes
517 2785 653 2842 venantii
677 2783 843 2844 scholastici
870 2783 962 2858 111199,
1017 2782 1128 2839 9191919
1156 2786 1202 2842 991
1228 2784 1256 2839 lo
1285 2781 1419 2839 11999999
1433 2773 1464 2839 di
1476 2779 1505 2840 S.
1522 2783 1667 2856 Gioouniai,
1682 2789 1715 2842 91
1742 2787 1845 2845 scribit

139 2858 272 2916 Dalmata
295 2857 464 2916 Jaderensis
484 2857 773 2914 8.11.11.91999999
794 2853 962 2923 cardinalis,
1017 2854 1154 2912 Octavius
1174 2851 1344 2910 Pancirolus
1370 2855 1448 2927 apud
1469 2855 1670 2928 Augustinum
1684 2856 1842 2916 Oldonium

141 2932 217 2988 99911
228 2947 339 2990 annum
357 2928 686 2998 1,91999999,919918;
703 2931 890 2986 consecratus
900 2943 961 2998 viii,
1017 2925 1049 2982 19
1064 2925 1177 2984 199999
1191 2925 1237 2982 lV.

143 3001 204 3062 Kal.
225 2998 368 3068 19999111,
385 3001 431 3057 919
457 2999 568 3056 Ν919119
597 2997 723 3066 Domini,
738 2995 858 3055 ineunte
886 3015 963 3074 anno
1054 2996 1144 3055 Linea
1158 2998 1239 3053 12.-
1251 2995 1303 3064 091
1317 2997 1401 3052 ctiam
1412 2995 1534 3067 sepultus
1547 3005 1596 3057 cat.
1608 2997 1740 3056 'l'andein
1755 2999 1844 3058 1999·

142 3073 244 3130 Ohiisti
254 3071 379 3130 saeve
392 3071 547 3129 Severinus
560 3071 644 3128 evita
658 3073 822 3126 excesserat
833 3085 899 3125 cum
915 3069 963 3126 lit·
1018 3077 1071 3124 nee
1086 3085 1163 3140 papa
1176 3083 1243 3123 cum
1259 3067 1384 3124 99919991
1395 3083 1500 3123 aunum
1510 3083 1608 3136 caum,
1618 3085 1723 3128 19911991
1737 3087 1843 3140 noum,

144 3147 209 3208 tara
227 3145 321 3218 genus
336 3145 489 3202 9911191991
514 3143 638 3200 Rumam
662 3141 844 3208 deteruntur,
855 3139 963 3213 quibus
979 3119 1000 3188 C
1017 3139 1076 3210 9199
1090 3138 1245 3222 octodecim,
1257 3142 1291 3194 ut
1300 3137 1403 3219 scribit
1413 3139 1599 3220 Anastasius,
1609 3140 1638 3196 in
1654 3141 1777 3202 11991199
1792 3144 1843 3200 ob·

146 3215 453 3290 respondere-loannes
465 3213 606 3271 diaconus
622 3212 652 3267 iii
668 3213 833 3268 Romanuin
846 3211 963 3284 pontili-
1018 3207 1155 3266 dormivit
1174 3209 1221 3265 919
1235 3209 1392 3266 undecima
1411 3225 1521 3265 mensis
1536 3209 1670 3269 Octobris
1692 3213 1761 3269 anni
1777 3229 1844 3272 sex·

1059 544 1148 602 Linea
1174 549 1201 603 2.
1223 577 1256 588 -
1279 547 1359 605 llicit
1383 563 1432 620 per
1458 565 1564 607 omnem
1592 551 1773 620 Dalmatiam,
1801 570 1849 612 seu

1021 616 1133 674 latriam
1146 619 1262 676 multam
1273 620 1429 692 pecuniam.
1440 619 1514 676 Oum
1530 638 1548 677 9
1561 621 1656 680 Slavis
1669 641 1721 681 seu
1737 624 1848 684 Sclavis

1021 687 1174 748 Dalmatia
1190 705 1220 746 re
1243 689 1324 748 'oues
1338 690 1542 764 grassantibus
1552 692 1655 768 ingens
1666 711 1701 752 ca
1721 695 1847 753 livorum

1022 757 1180 817 multitudo
1194 759 1225 817 in
1248 778 1263 817 9
1284 765 1361 818 esset
1385 762 1519 819 deducta.
1535 763 1690 821 19999991
1730 767 1847 824 9911999

1022 830 1156 888 Dalmata
1171 846 1292 888 suorum
1306 847 1452 889 erumnas
1467 833 1633 904 miseratus,
1645 837 1762 896 eoadem
1773 838 1848 897 1991·

1021 906 1052 960 19
1065 903 1256 975 pecuniarum
1271 903 1299 959 vi
1321 921 1354 962 ee
1376 903 1516 962 libentius
1531 905 1733 980 redemitque
1757 910 1846 964 tutio-

1022 990 1083 1029 rem
1100 973 1129 1029 in
1144 973 1253 1042 lacum,
1265 973 1293 1030 in
1310 975 1408 1032 sinum
1419 975 1553 1032 videlicet
1568 994 1624 1048 pau
1648 979 1848 1045 9199999919-

1021 1044 1071 1100 sie
1086 1045 1257 1102 thesaurum
1273 1061 1325 1119 per
1348 1047 1410 1102 hec
1426 1046 1580 1104 charitatis
1602 1065 1619 1104 o
1654 1047 1699 1104 oia
1724 1049 1847 1106 colloca·

1021 1115 1085 1185 bat;
1103 1117 1210 1190 quippe
1225 1117 1276 1192 qui
1297 1115 1496 1176 ecclesiastica
1513 1120 1600 1188 bona,
1613 1136 1677 1191 que
1702 1119 1847 1178 Honorius

1021 1193 1217 1269 cpngesserat,
1225 1188 1367 1261 sacrilega
1376 1187 1561 1316 imperatoris
1572 1189 1774 1247 ministrorum
1786 1209 1849 1249 ava·

1020 1262 1089 1316 11119
1109 1260 1167 1316 'am
1182 1259 1270 1333 diripi
1284 1259 1404 1331 viderat,

1021 1329 1085 1386 rino
1145 1330 1284 1392 astasius.

146 3285 629 3357 cemelectus,noudamtamenpro
638 3281 966 3340 moreUrbisconsecre-
1018 3279 1170 3338 centesimi
1190 3279 1407 3353 quadragesimi
1431 3281 1737 3412 secundiqplqputtue
1756 3285 1844 3342 99199

145 3357 366 3424 mesoleucon
380 3361 507 3429 poterat;
523 3357 574 3417 sed
589 3355 717 3414 Hilarius
733 3353 966 3427 archipresbyter
1019 3353 1127 3410 99919111
1150 3357 1260 3408 Panum
1288 3351 1502 3424 aportotumeub
1517 3351 1561 3409 119
1653 3371 1686 3430 aa
1710 3354 1842 3428 0991119,

147 3429 311 3490 9119119999
326 3427 521 3504 primicerius,
533 3430 681 3484 servantes
694 3425 791 3483 locum
806 3423 884 3482 99919
900 3441 966 3551 apo·
1019 3440 1070 3480 seu
1086 3422 1132 3479 die
1148 3421 1334 3506 duodecima„
1347 3421 1480 3494 ejusdem
1504 3424 1625 3480 mensis.
1644 3426 1676 3482 lii
1690 3425 1844 3485 duratione

149 3497 258 3568 stollas,
269 3515 446 3572 responsum
461 3513 528 3554 cum
543 3495 594 3554 illo
609 3497 713 3563 iecere,
724 3496 803 3568 quod
819 3496 896 3568 apud
935 3511 964 3552 e·
1018 3494 1099 3551 sedis
1111 3495 1175 3566 elus
1189 3497 1337 3576 Anastasia
1358 3497 1470 3550 teritum
1494 3507 1604 3566 purum
1619 3510 1685 3552 9999
1697 3511 1732 3554 eii
1744 3509 1777 3554 so
1791 3499 1842 3554 de-

149 3570 211 3627 dum
226 3571 505 3644 reprimentiaque
528 3567 652 3640 epistola
671 3566 877 3642 cognoscimus
901 3583 964 3624 mo·
1018 3565 1136 3624 ducitur
1150 3565 1227 3638 quod
1247 3565 1288 3622 119
1309 3581 1369 3632 199,
1384 3564 1451 3625 Luit
1474 3565 1594 3636 raudus,
1610 3566 1776 3639 Ordericus,
1790 3568 1843 3625 lib.

150 3643 353 3702 remrhomauie
368 3640 502 3698 Ecclesia
524 3639 670 3709 19199991
684 3639 735 3712 qui
756 3637 919 3696 eminerent
933 3639 964 3693 iii
1017 3653 1049 3704 ii,
1060 3639 1089 3720 et
1117 3636 1269 3722 catalogus
1282 3582 1422 3692 19119999
1449 3583 1598 3720 Balatinus
1613 3639 1746 3696 eamdem
1774 3639 1844 3697 anni

150 3709 283 3771 ministris
293 3706 428 3770 ilcolesis
439 3727 613 3795 responsum
624 3710 728 3767 darent
741 3707 848 3767 litteris
863 3725 964 3783 accep·
1018 3723 1117 3775 unius,
1135 3723 1282 3765 mensium
1311 3723 1414 3766 novem
1428 3711 1457 3762 et
1475 3708 1591 3764 dierum
1618 3709 1720 3768 999919
1735 3715 1764 3767 91
1779 3716 1843 3768 9919

151 3783 189 3856 tis
199 3789 261 3847 auu
275 3785 439 3858 legitimam
453 3782 581 3856 episcopi
597 3781 856 3844 consecrationem.
1018 3779 1097 3841 99919
1111 3779 1296 3840 durationem
1311 3777 1338 3838 ei
1352 3777 1514 3853 assignent.

152 3927 1205 3960 mm

778 4060 912 4137 LXXV.
939 4057 1208 4134 ifleonouus

707 4223 792 4273 19119
811 4223 933 4272 canani
953 4208 1027 4282 612,
1048 4221 1229 4272 cosmiana
1250 4208 1279 4268 l.

264 4461 346 4515 m
379 4449 573 4521 Theodorus,
606 4449 734 4512 natione
756 4445 882 4512 Griecus
903 4467 942 4510 911
972 4452 1062 4528 patre
1082 4447 1249 4510 Theodora
1279 4447 1439 4527 episcopo,
1470 4446 1511 4509 de
1539 4444 1665 4508 91111919
1698 4443 1846 4507 11191999-

222 4560 318 4642 lyma,
342 4558 424 4621 sedit
444 4575 544 4619 annos
565 4575 630 4632 sex,
660 4573 783 4618 menses
805 4555 956 4636 quinque,
979 4553 1046 4616 dies
1070 4552 1178 4616 decem
1201 4553 1245 4636 (9)
1263 4558 1296 4616 91
1314 4559 1398 4616 octo.
1421 4552 1478 4615 llic
1499 4551 1560 4614 luit
1580 4555 1704 4614 9919191
1724 4569 1846 4632 paupe-

224 4683 308 4740 rum,
331 4663 450 4745 largus,
473 4663 629 4744 benignus
654 4680 750 4742 super
768 4679 889 4735 omues,
912 4666 944 4722 et
966 4660 1099 4722 multum
1128 4659 1314 4722 misericors.
1338 4659 1437 4740 Hujus
1464 4657 1658 4740 temporibus
1679 4657 1850 4720 tiauricius

224 4769 449 4844 chartularius,
472 4787 530 4850 per
550 4787 644 4850 quem
667 4767 769 4830 inulta
790 4767 875 4829 mala
895 4772 1044 4848 operatus
1074 4773 1121 4828 ost
1149 4765 1449 4847 isaciuspatrieius,
1473 4783 1545 4827 9991
1577 4763 1641 4844 iam
1675 4764 1851 4826 increbuis-

185 4880 203 4940 1
224 4875 546 4960 999199999199199,
570 4875 664 4938 beato
691 4877 785 4938 Petro
817 4874 960 4956 apostolo
976 4873 1029 4956 (1),
1052 4879 1087 4936 91
1108 4893 1161 4936 eos
1181 4873 1221 4954 (c)
1242 4869 1444 4936 hereditaiet
1463 4871 1545 4952 ignis
1572 4870 1850 4952 inexstinguibilis,

226 4983 358 5046 consilio
380 4981 494 5044 dactus
514 4981 745 5062 suprascriptus
768 4979 934 5041 Mauricius
960 4999 1032 5042 cum
1060 4979 1147 5061 ipsis,
1170 4978 1286 5060 quibus
1312 4982 1406 5042 antea
1433 4979 1651 5046 devastaverat
1679 4976 1851 5040 Ecclesiam

224 5087 495 5184 Deissiulartiaavit
516 5085 560 5169 (d)
582 5087 732 5150 adversus
761 5085 889 5148 isacium
913 5085 1094 5167 patricium,
1116 5092 1148 5148 91
1170 5084 1254 5147 misit
1287 5104 1344 5166 per
1378 5085 1486 5147 omnia
1519 5089 1623 5145 castra
1656 5103 1728 5165 quie
1762 5090 1856 5146 erant

193 5197 287 5266 ,sub
309 5194 436 5259 civitate
457 5197 601 5258 11991999
628 5212 684 5275 per
715 5191 894 5266 circuitum,
917 5197 948 5254 al
968 5191 1173 5272 magregauit
1200 5211 1266 5266 eos,
1289 5196 1320 5254 et
1339 5189 1528 5253 constrinxit
1558 5207 1590 5252 se
1621 5207 1693 5250 cuin
1724 5189 1801 5272 ipsis
1821 5189 1855 5250 iii

226 5281 461 5366 sacramentum
486 5300 532 5384 (9),
557 5305 592 5362 91
613 5300 760 5381 deinceps
782 5299 887 5361 nullus
909 5319 948 5362 ex
969 5299 1047 5380 ipsis
1068 5299 1227 5362 debuisset
1257 5297 1385 5360 obedire
1417 5296 1526 5372 isacio,
1550 5315 1652 5378 neque
1673 5294 1856 5358 hominibus

166 5414 206 5474 lO
226 5410 308 5492 ejus,
331 5409 386 5490 qui
408 5408 613 5472 affirmabant
633 5425 718 5481 eum;
740 5407 816 5488 qula
836 5406 895 5468 sibi
917 5425 1050 5488 regnum
1065 5406 1228 5488 imponere
1242 5405 1396 5470 noluisset
1417 5403 1472 5487 (s).
1495 5393 1634 5468 Audiens
1649 5403 1717 5464 hec
1738 5399 1856 5465 lasciua

745 5574 872 5622 ROTULAE
891 5573 1086 5621 uenerantes
1106 5571 1269 5620 FABROTTI.

183 5694 223 5766 (a)
238 5695 272 5764 B,
287 5695 332 5750 20.
369 5694 410 5762 (b)
426 5692 619 5751 increvissent
634 5695 736 5750 contra
756 5692 874 5750 beatum
891 5691 1008 5748 Petrum
1029 5691 1205 5766 apostolum.
1244 5692 1422 5760 (9919991.
1459 5682 1658 5770 (9191911199.
1676 5681 1858 5760 91919991·

154 5766 236 5823 99911.
276 5767 311 5835 (9)
325 5779 426 5822 999919
441 5763 506 5837 ipso
521 5780 573 5836 per
587 5767 816 5820 sacramentum.
855 5764 894 5835 (s)
904 5763 978 5836 ¹quia
993 5763 1158 5820 affirmabat
1172 5778 1242 5819 eum
1257 5759 1314 5817 9191
1330 5774 1453 5833 regnum
1467 5769 1617 5826 imponere
1631 5753 1715 5822 velle.

1437 1276 1527 1334 equa
1542 1260 1589 1318 liic
1613 1279 1706 1336 supra
1719 1263 1748 1320 iii
1760 1264 1847 1320 Seve-
1949 1308 1952 1320 .
