4040 6170
227 183 304 244 tiss
378 245 383 258 ,
805 174 1012 238 antsrusll
1032 171 1347 236 BIBLIO'FHEGARII
1821 182 1882 246 itte

298 330 378 385 rages
396 314 572 367 Francorum
587 313 617 365 et
631 308 772 382 patritios
782 309 990 380 Romanorum,
1008 306 1142 380 Sergium
1162 305 1343 362 antedictum
1368 302 1612 372 secundicerium,
1628 307 1656 360 ot
1676 307 1884 374 nomenclaturam

256 399 260 414 ”
296 409 345 465 iiio
359 408 390 462 in
405 411 536 478 tempere
551 405 896 478 existentemdeprecans
911 410 997 478 atque
1010 403 1169 461 adhortans
1184 419 1285 460 oerum
1301 401 1501 458 excellentiam
1516 417 1568 474 per
1583 417 1651 458 suas
1667 402 1886 474 apostoiimtitts.

259 509 277 563 5
296 523 342 562 res
357 509 391 562 ut
406 504 573 577 aliquantes
588 503 739 578 episcopos
754 519 861 577 guaros
876 509 905 560 et
919 505 949 560 iu
966 503 1105 560 omnibus
1120 501 1227 558 divinis
1243 500 1401 574 scripturis
1417 503 1504 572 atque
1516 502 1887 564 sanctorumeanonuminsti·

294 601 458 660 lutieuibus
472 601 602 658 eruditos
617 618 650 657 ae
666 601 860 674 peritissimos
875 600 1045 674 dirigerent,
1059 600 1094 656 ad
1111 599 1276 656 iaciendum
1293 599 1323 654 in
1338 597 1393 654 huo
1408 597 1540 655 Romana
1555 598 1626 654 urbe
1638 598 1781 660 caecilium
1793 617 1837 674 pro
1849 621 1885 660 sa·

295 701 360 758 dem
376 699 467 773 impia
482 699 548 756 nevi
564 699 670 756 erroris
685 715 718 756 ac
740 697 912 756 temeritatis
936 696 1153 772 prescriptione
1175 696 1223 770 (a),
1240 713 1329 770 quam
1354 696 1501 753 antelatus
1526 693 1737 766 Constantinus,
1752 699 1887 770 apostolius

294 798 373 855 sedis
386 815 522 870 pervasor
536 797 574 870 (b)
590 815 680 854 ausus
695 800 741 853 est
755 800 931 872 perpetrare.

331 897 407 954 270
422 897 457 952 iit
471 899 643 970 properante
657 893 802 951 antedicto
815 893 915 968 Sergio
930 893 966 950 ad
982 895 1160 951 Francorum
1185 892 1318 968 regiones
1337 892 1402 964 J'am
1425 890 1537 952 invenit
1557 891 1595 950 de
1618 891 1671 948 hac
1695 891 1754 948 luca
1775 893 1891 968 migrasse

294 993 579 1051 christianissimum
595 992 754 1066 Pippinum
770 997 910 1066 regom,et
924 996 1051 1065 creptum
1065 991 1202 1066 gradiens
1215 991 1270 1047 iter
1284 989 1414 1064 pervenit
1428 989 1466 1048 ad
1480 990 1546 1066 ejus
1561 987 1637 1045 filies
1651 988 1812 1046 Carolumet
1823 993 1890 1048 Caro·

294 1092 466 1149 lemannum
482 1107 636 1164 germanos
652 1091 769 1158 iratres,
785 1105 868 1162 reges
884 1091 1062 1146 Francorum
1078 1093 1106 1145 et
1120 1086 1257 1162 patricios
1274 1087 1601 1154 Romanorum.Quibus
1611 1085 1892 1159 apostelicastribuans

293 1190 417 1259 litteras,
434 1189 559 1262 benigne
572 1189 608 1244 ab
624 1187 665 1245 eis
681 1191 837 1260 susceptus
852 1191 908 1257 est,
923 1191 950 1244 et
966 1187 1085 1260 diguam
1101 1186 1143 1242 illi
1157 1185 1361 1260 impendentes
1373 1183 1890 1257 humanitatem,cunctanihilemiuus,

294 1305 346 1364 pre
362 1286 469 1361 quibus
485 1285 595 1343 missus
610 1286 702 1352 est‚ab
719 1301 820 1342 eorum
836 1283 1035 1342 excellentiam
1050 1284 1265 1358 impetravit,(c)
1275 1284 1432 1358 dirigentes
1447 1283 1504 1359 ipsi
1514 1281 1750 1340 christianissimi
1758 1283 1880 1356 regesduu

294 1387 388 1442 decim
403 1385 554 1458 episcopos
570 1401 603 1440 cx
618 1383 729 1440 eisdem
746 1385 923 1440 Francorum
940 1381 1109 1456 regionibus
1124 1381 1213 1438 nimis
1226 1381 1332 1440 divinis
1347 1381 1508 1456 Scripturis
1532 1385 1561 1437 et
1584 1385 1749 1439 sanctorum
1771 1397 1892 1438 canonum

215 1473 217 1481 ἱ
293 1481 472 1540 ceremoniis
486 1484 596 1548 doctos,
614 1486 641 1537 et
654 1479 877 1554 probatissimos
891 1480 969 1538 vires
985 1479 1105 1536 seilicet.
1122 1479 1228 1552 hiisque
1243 1479 1273 1536 in
1289 1479 1365 1544 hanc
1381 1479 1543 1536 itomanam
1559 1479 1660 1535 urbem
1679 1478 1893 1554 conjungentibus

294 1598 394 1638 menso
409 1579 529 1654 Aprilis,
546 1579 704 1636 indictione
720 1578 854 1652 septima,
872 1578 1006 1652 protinus
1022 1583 1088 1634 ante
1104 1577 1201 1634 dictus
1217 1577 1383 1658 Stephanus
1399 1576 1605 1634 sanctissimus
1620 1593 1695 1651 papa
1709 1592 1853 1650 aggregans
1863 1576 1892 1650 (d)

292 1680 422 1736 diversos
437 1677 589 1752 episcopos
604 1677 714 1733 'tuscie
731 1680 819 1748 atque
835 1675 1009 1749 campania,
1026 1677 1055 1732 et
1070 1675 1237 1748 aliquantos
1249 1673 1336 1739 intlus
1353 1673 1441 1731 ltaliae
1456 1675 1623 1748 provincie.

328 1779 401 1835 277
423 1775 534 1843 Quibus
550 1775 689 1831 omnibus
704 1775 899 1848 congregatis,
916 1774 1073 1832 concilium
1089 1777 1238 1847 peractum
1253 1777 1298 1832 est
1311 1773 1341 1828 in
1365 1771 1487 1829 basilica
1510 1770 1668 1830 Salvateris
1692 1771 1799 1828 Domini
1820 1773 1893 1829 nostri

292 1875 362 1931 lesu
378 1873 483 1930 Christi
495 1874 579 1945 juxta
595 1873 789 1928 Lateranense
806 1871 997 1944 palatiumilt
1008 1871 1183 1945 praesidente
1197 1872 1298 1932 eodem
1315 1869 1485 1926 beatissime
1499 1886 1586 1942 papa,
1602 1869 1814 1928 considentibus
1827 1870 1895 1926 etiem

292 1970 402 2046 pariter
416 1987 483 2026 eum
500 1969 610 2026 eisdem
626 1969 763 2026 omnibus
779 1969 1082 2042 episeopis,deductus
1097 1973 1141 2026 est
1156 1969 1191 2028 ad
1207 1969 1338 2030 medium
1354 1967 1562 2024 Constantinus
1577 1967 1739 2041 apostelicae
1754 1967 1824 2024 sedis
1832 1965 1892 2022 iura·

295 2087 352 2134 sor,
365 2069 427 2140 jorn
443 2059 729 2124 excecatus'oeulos.
745 2065 780 2122 si
794 2067 932 2122 subtilius
947 2066 1109 2140 exquisitus
1125 2083 1177 2126 our
1191 2065 1428 2144 presumpsisset
1442 2065 1634 2138 apostolicam
1649 2065 1745 2123 sedem
1763 2063 1898 2121 laicusexi·

255 2169 273 2224 5
292 2172 371 2224 stans
389 2165 533 2232 invadere,
546 2169 573 2220 et
587 2163 675 2220 talem
691 2165 797 2236 iniquae
815 2164 951 2220 novitatis
964 2181 1090 2222 errorem
1105 2165 1135 2220 in
1151 2164 1281 2224 Ecclesia
1295 2164 1345 2220 Dei
1360 2163 1581 2237 perpetrare,ita
1595 2180 1694 2219 ceram
1706 2163 1891 2234 omnihuspre·

292 2265 388 2319 fessus
404 2267 447 2318 cst
461 2262 519 2317 vim
535 2279 566 2317 se
582 2279 598 2316 a
613 2263 720 2335 popule
738 2247 936 2334 pertulissem
951 2279 1002 2335 per
1016 2261 1169 2320 brachium
1185 2261 1284 2338 populi
1301 2261 1392 2319 luisse
1406 2261 1635 2334 electum,atque
1650 2265 1777 2318 coactum
1792 2261 1820 2316 in
1833 2261 1898 2324 Late,

291 2375 415 2418 renense
429 2357 640 2433 patriarchium
654 2359 813 2415 deductum
830 2363 948 2432 prepter
962 2357 1132 2432 gravamina
1146 2377 1180 2418 ac
1195 2358 1365 2432 praejudicia
1379 2358 1429 2415 illa
1437 2375 1501 2431 quae
1510 2357 1753 2432 Romauepepule
1761 2356 1899 2430 ingesserat

291 2461 418 2516 domnus
434 2455 541 2513 Paulus
557 2474 642 2531 papa,
659 2461 688 2512 et
700 2473 838 2514 corruens
853 2456 883 2512 in
899 2461 1006 2512 terram
1023 2457 1161 2520 manibus
1176 2456 1303 2514 extensis
1319 2457 1349 2512 in
1365 2455 1530 2530 parimente
1546 2473 1576 2513 se
1591 2473 1676 2513 reum
1690 2471 1895 2530 scsupernume

291 2574 357 2614 rum
372 2571 465 2612 arene
481 2553 572 2610 maris
588 2571 724 2628 peccasse
738 2554 873 2622 dedebat,
888 2559 989 2628 petens
1004 2555 1209 2614 misericordia
1224 2555 1339 2611 veniam
1356 2555 1392 2611 ab
1407 2556 1510 2612 eodem
1525 2554 1698 2612 sacerdotali
1712 2554 1895 2626 consequicon·

238 2658 273 2715 10
291 2655 368 2713 cilio.
386 2657 477 2721 Quem
492 2671 510 2708 a
523 2657 601 2708 terra
615 2651 726 2708 elevare
742 2652 891 2722 iacientes,
902 2653 964 2725 ipso
980 2653 1026 2709 die
1041 2652 1153 2714 nullum
1170 2652 1206 2709 de
1224 2670 1258 2708 ee
1281 2652 1466 2725 protulerunt
1490 2652 1680 2710 seutentiam.
1695 2652 1757 2710 Alia
1778 2668 1836 2708 vero
1861 2649 1896 2704 die

290 2754 386 2810 denuo
401 2750 556 2808 asserentes
569 2766 647 2817 eum,
665 2753 752 2823 atque
766 2749 980 2824 interrogantes
994 2751 1029 2806 do
1044 2751 1145 2810 cadem
1162 2750 1253 2824 impia
1268 2751 1405 2820 novitate,
1423 2750 1573 2824 respondit
1588 2750 1663 2806 nihil
1679 2750 1743 2806 nevi
1762 2765 1790 2806 se
1813 2747 1896 2805 iecisse

291 2851 391 2908 dicens
408 2865 416 2906 ι
431 2848 501 2922 quia
513 2851 542 2904 et
556 2847 675 2921 Sergius
689 2847 927 2922 archiepiscopus
943 2848 1165 2917 Rauennatium,
1182 2847 1275 2905 laicus
1291 2847 1418 2906 existens
1433 2849 1673 2924 archiepiscopus
1696 2849 1786 2906 iactus
1806 2849 1844 2904 est
1856 2863 1863 2900 z
1874 2846 1896 2900 et

290 2947 457 3021 Stephanus
471 2945 666 3020 Neapolitanos
683 2945 818 3016 civitatis,
833 2951 861 3002 et
875 2945 938 3020 ipse
951 2945 1045 3002 laicus
1065 2951 1183 3022 repente
1205 2947 1360 3020 episcopus
1384 2950 1571 3004 consecratus
1595 2952 1652 3004 est.
1667 2949 1740 3004 Dum
1761 2961 1821 3002 varo
1840 2942 1895 3000 talia

290 3044 395 3102 iisdem
410 3042 621 3099 Constantinus
635 3048 867 3116 persequeretur,
884 3042 962 3099 illico
978 3043 1043 3099 irati
1059 3043 1119 3104 zelo
1135 3043 1336 3102 ecclesiastice
1353 3042 1520 3102 traditionis
1534 3043 1664 3102 universi
1677 3043 1831 3101 sacerdotes
1848 3039 1896 3096 ula·

240 3146 273 3202 15
291 3146 355 3216 ejus
371 3142 511 3200 cervicem
528 3141 637 3198 cedere
650 3141 798 3210 iacientes,
816 3159 883 3198 eum
897 3147 979 3199 extra
993 3143 1126 3202 eamdem
1142 3142 1295 3200 ecclesiam
1308 3145 1465 3216 eiecerunt.

324 3241 401 3299 278
416 3241 498 3296 Tunc
514 3239 635 3296 detectis
649 3243 686 3311 (e)
698 3240 836 3297 omnibus
851 3242 915 3312 ojus
930 3240 1078 3298 rationum
1093 3241 1290 3316 gestis,simul
1307 3246 1335 3298 et
1349 3241 1471 3299 concilio
1487 3241 1536 3300 ille
1552 3243 1632 3316 qued
1647 3243 1678 3299 in
1693 3239 1895 3314 scriptisdeajus

290 3339 374 3414 quasi
390 3337 611 3394 confirmatione
626 3337 738 3394 editum
754 3339 857 3408 iuerat,
873 3336 941 3412 igne
965 3339 1192 3398 combusserunt
1214 3339 1243 3394 in
1259 3339 1355 3397 medio
1371 3340 1541 3414 presbyterii
1557 3340 1655 3414 ipsius
1667 3339 1800 3398 ecclesie.
1813 3338 1844 3394 iit
1854 3335 1895 3391 hec

287 3439 362 3494 iente
375 3437 532 3510 projiciens
548 3454 578 3492 sa
593 3435 622 3491 in
639 3439 746 3492 terram
762 3436 967 3492 sanctissimus
983 3437 1149 3509 Stephanus
1164 3454 1241 3511 papa
1259 3454 1327 3493 oum
1352 3437 1496 3495 universis
1520 3439 1734 3508 sacerdotibus,
1758 3441 1786 3494 et
1807 3430 1894 3509 populo

289 3536 429 3598 Romane,
445 3533 664 3605 clamantesque
680 3534 762 3605 tigria
775 3535 885 3601 claeon,
903 3550 970 3588 eum
983 3533 1094 3606 ingenti
1111 3535 1178 3591 ssetu
1195 3551 1331 3606 peccasse
1346 3553 1378 3591 se
1392 3552 1495 3592 omnes
1505 3536 1631 3611 professi
1646 3540 1716 3594 sunt
1730 3551 1779 3608 pro
1792 3550 1822 3590 eo
1835 3529 1894 3604 quod

250 3631 268 3685 5
286 3630 321 3686 de
336 3630 472 3686 manibus
488 3631 581 3702 ipsius
594 3630 776 3686 Constantini
793 3630 1030 3686 communionem
1047 3633 1264 3704 suscepissent:
1282 3631 1423 3706 sicqueex
1437 3634 1492 3691 hoc
1505 3635 1647 3691 omnibus
1660 3633 1770 3691 indicta
1779 3626 1896 3704 estpeui·

287 3727 388 3783 tentia.
405 3729 487 3783 Tunc
502 3725 599 3782 allatis
613 3727 820 3784 sacratissimis
836 3727 1007 3797 canonibus,
1025 3727 1126 3804 eisque
1147 3728 1261 3802 liquide
1286 3732 1489 3804 perscrutatis,
1506 3731 1620 3806 prelata
1645 3737 1691 3790 est
1714 3729 1847 3790 sententia
1867 3724 1894 3781 ab

286 3826 388 3884 eedem
404 3824 577 3882 sacerdotali
593 3823 715 3882 concilio
731 3824 786 3886 sub
802 3824 997 3882 anathematis
1012 3825 1177 3896 interdicto,
1193 3843 1229 3882 ne
1244 3827 1323 3886 ullus
1338 3845 1469 3902 unquam
1485 3834 1646 3903 presumat
1659 3829 1805 3895 laicemm,
1819 3837 1894 3896 neque

287 3941 321 3980 ex
336 3922 392 3980 alio
407 3923 519 3992 ordine,
536 3921 592 3978 nisi
610 3939 662 3995 per
677 3921 830 3980 distinctos
844 3923 955 3997 gradus
969 3925 1141 3994 ascendens,
1157 3925 1299 3984 diaconus
1312 3930 1363 3983 aut
1378 3927 1530 4001 presbyter
1543 3927 1703 3985 cardinalis
1714 3927 1803 3984 lactus
1817 3920 1893 3986 luerit,

285 4022 322 4080 ad
337 4038 450 4079 sacram
466 4019 654 4096 pontificatus
669 4021 810 4079 honorem
825 4021 919 4094 pessit
934 4023 1106 4095 promoveri.

321 4121 398 4177 270
412 4120 448 4176 ut
462 4119 519 4178 alia
535 4121 620 4195 plura
631 4137 694 4193 quae
710 4121 746 4176 de
761 4137 793 4177 ee
809 4121 949 4177 canoniea
964 4121 1509 4198 indigebanteerreptieue(1')incudem
1519 4123 1894 4182 conciliestatueruutemeu·

218 4279 224 4292 ¹
286 4217 392 4275 danda.
409 4219 449 4275 lle
464 4218 609 4294 episcopis
622 4235 690 4275 vero
706 4222 794 4291 atque
808 4218 987 4292 presbgteris
1001 4223 1029 4275 et
1045 4220 1216 4278 diaconibus
1241 4237 1315 4294 quos
1330 4221 1393 4294 ipse
1408 4222 1617 4280 Constantinus
1633 4221 1850 4283 consecraverat,
1863 4214 1894 4269 ita

283 4314 431 4373 incudem
447 4317 569 4374 coneilio
585 4315 806 4392 promulgatum
821 4319 876 4384 est,
893 4321 926 4372 ut
940 4317 1068 4391 episcopi
1083 4317 1136 4386 iili,
1147 4318 1171 4374 si
1188 4317 1294 4390 aliquis
1309 4336 1411 4376 eorum
1426 4311 1892 4394 presbyterautdiaconusluerit,iu

284 4413 443 4485 pristinum
458 4413 577 4472 honeris
592 4414 638 4472 sui
654 4415 778 4490 gradum
795 4415 1033 4472 revertereturllt
1047 4415 1072 4472 si
1087 4415 1246 4488 placabiles
1257 4416 1488 4475 luisseutceram
1503 4413 1892 4492 populocivitstiasua,deuuo

247 4512 266 4568 5
284 4512 360 4569 iacto
375 4513 489 4570 decreto
505 4512 655 4570 electionis
672 4529 751 4569 more
767 4511 852 4568 solite
867 4528 935 4569 cum
950 4511 1025 4570 clero
1040 4517 1069 4570 et
1081 4513 1165 4586 plebe
1176 4515 1211 4570 ad
1227 4514 1418 4588 apostolicam
1429 4509 1891 4583 advenisseutsedem,etsbeedcm

286 4610 472 4668 sanctissimo
487 4612 635 4686 Stephane
646 4609 941 4684 papabenedictieuis
955 4611 1155 4685 suscepissent
1165 4611 1202 4686 (ρ)
1212 4601 1892 4690 consecrationem.Presbyteriveroilliscdiscooi

284 4708 320 4764 ab
335 4709 437 4765 eedem
452 4709 642 4766 Constantino
658 4708 817 4766 consecrati
833 4708 922 4765 simili
939 4709 1025 4764 modo
1036 4709 1067 4765 in
1082 4726 1115 4765 eo
1131 4727 1189 4783 quo
1205 4710 1561 4783 priusexistebanthabitu
1572 4707 1892 4778 reverterenturutpost·

283 4807 403 4861 medum
420 4807 445 4862 si
461 4804 511 4879 qui
526 4824 627 4864 eorum
642 4807 800 4880 placabiles
815 4807 1005 4876 exstitissent,
1022 4807 1168 4863 antelatus
1184 4807 1374 4866 beatissimus
1389 4809 1519 4884 pontifex
1534 4811 1720 4884 presbyteros
1730 4823 1777 4866 ecs
1789 4808 1834 4862 aut
1846 4801 1891 4856 dir·

284 4918 373 4959 cenos
387 4909 586 4962 consecrasset
602 4905 793 4978 (hiereneus
808 4908 839 4961 ut
854 4904 884 4961 hi
901 4905 952 4978 qul
967 4904 1057 4962 exeis
1072 4905 1268 4962 consecraturi
1285 4907 1316 4980 (ἰ)
1332 4899 1890 4981 eraut,nequaquamadiertieramtjlhv·

230 5001 264 5058 10
282 5017 350 5057 nem
365 5001 565 5072 ascenderent,
580 5019 633 5059 uec
646 5003 681 5059 ad
696 5003 884 5077 pontificatus
897 5007 1138 5077 promoverentur
1152 5003 1278 5076 culmen,
1295 5020 1332 5061 ne
1347 5005 1415 5062 talis
1427 5005 1537 5080 impius
1552 5006 1690 5064 novitatis
1703 5021 1780 5063 error
1799 5001 1827 5056 in
1847 4996 1890 5052 tr·

283 5097 371 5156 clesia
385 5095 435 5155 Dei
452 5097 618 5170 pullularet.

317 5196 395 5254 280
410 5195 476 5269 ipse
490 5210 558 5252 vere
574 5197 721 5253 antefatus
736 5197 926 5256 beatissimus
943 5199 1108 5272 Stephanus
1123 5216 1199 5274 papa
1214 5217 1313 5258 ceram
1329 5201 1408 5258 omni
1425 5202 1597 5260 sacerdotali
1612 5200 1733 5276 collegio
1756 5198 1890 5256 clamasse

282 5291 630 5367 clamavit,diceus:Nulle
646 5295 732 5352 medo
748 5311 779 5351 se
795 5295 913 5352 immitti
929 5298 979 5352 aut
995 5298 1112 5370 penitus
1128 5297 1273 5355 declinare
1288 5298 1318 5354 in
1334 5299 1504 5357 eorumdem
1519 5290 1890 5374 preshyerorumaututec

812 5471 938 5520 ROTUIAE
960 5473 1153 5521 nundinantes
1174 5474 1333 5523 sanabunt.

246 5615 284 5692 (c)
300 5615 538 5691 presumptione.
576 5615 614 5692 (ὁ)
629 5615 755 5673 invasor.
794 5614 829 5686 (c)
847 5617 946 5674 Boron.
965 5633 1032 5672 ann.
1047 5617 1110 5674 769.
1150 5617 1188 5690 (d)
1202 5633 1255 5673 con
1278 5618 1397 5692 rogavit.
1436 5617 1471 5692 (e)
1485 5619 1518 5691 B,
1533 5617 1705 5676 combustis.
1741 5612 1887 5690 (licome-

209 5685 289 5749 tionc
324 5687 363 5767 (a)
378 5687 570 5764 susciperent.
607 5689 647 5766 (t)
663 5691 696 5764 B,
712 5691 907 5763 consecraret,
923 5689 972 5762 ot,
988 5688 1167 5751 conciliaret.
1205 5689 1238 5767 (i)
1254 5633 1286 5761 fi,
1302 5690 1503 5752 consecrandi.
1543 5691 1577 5770 (j)
1592 5691 1623 5766 B,
1638 5688 1787 5768 potiorem.
