4048 6178
222 203 282 268 299
795 197 1004 264 natsrastt
1024 193 1349 263 BlBth'lHliCAltll.
1864 197 1924 264 300

222 338 351 394 dentiam
367 337 396 390 iii
408 331 565 405 seligendis
575 331 756 388 ornamentis
766 349 916 389 sacrarum
927 333 1043 402 edium,
1059 344 1088 410 Α
1102 337 1130 389 ct
1144 331 1351 390 sollicitudinis
1374 331 1461 404 plane
1475 329 1639 458 apostolice
1663 329 1768 414 iisdem
1793 331 1925 405 epistolis

223 425 287 482 que
303 423 354 480 per
367 403 548 460 venerandas
557 403 702 478 imagines
712 405 747 460 ad
758 421 859 461 verum
871 404 923 461 Dei
933 406 1045 461 cultum
1102 405 1308 478 comprobate,
1323 420 1397 486 quas
1415 419 1484 459 man
1506 407 1537 458 at
1556 403 1654 460 Sixtus
1669 401 1706 458 ad
1721 401 1847 460 aliorum
1866 404 1925 487 epi·

223 479 411 534 incenderent
422 474 587 543 animos,ut
598 480 626 531 et
636 475 809 531 memoriam
821 475 861 532 rei
872 480 960 560 gestae
971 477 1049 550 inge·
1102 492 1258 548 scaporum
1283 475 1416 530 notitiam
1441 491 1492 546 per
1514 490 1563 531 eos
1587 473 1758 543 transmitti,
1775 497 1790 525 a
1808 478 1842 530 ut
1866 477 1925 533 dis·

223 551 330 614 ierant,
340 551 370 603 et
379 547 488 620 dogma
499 545 658 603 revelatum
670 548 866 615 ostenderent,
873 553 959 621 Juxta
969 548 1048 620 quod
1102 551 1170 604 cant
1186 548 1221 604 de
1235 552 1318 603 tanta
1332 563 1372 615 re,
1390 549 1418 601 et
1432 545 1458 602 si
1473 544 1543 601 olim
1567 543 1736 619 plenissime
1754 551 1862 603 cuncta
1877 548 1926 605 de·

224 618 326 676 debitae
343 617 521 676 adorationis
536 618 647 676 tributa
662 619 735 675 fides
750 625 851 676 nostra
866 619 1020 692 persolvat.
1102 618 1186 674 linita
1213 617 1338 687 luerint,
1372 623 1430 673 non
1464 632 1579 673 cessare
1608 621 1706 672 tamen
1734 617 1928 689 apostolicam

1090 689 1212 748 sedem.
1229 689 1328 761 Neque
1342 688 1421 744 cuim
1445 688 1589 760 permittit
1611 704 1665 743 nos
1681 687 1796 760 quietos
1809 706 1876 746 esse
1890 690 1927 748 ab

562 768 708 827 soMllffl,
1102 761 1247 888 pjplamodi
1277 760 1356 816 caris
1390 775 1442 833 pro
1473 758 1611 816 omnibus
1644 758 1781 817 Ecclesiis
1815 759 1928 818 sollici-

1116 849 1211 888 UO.»

260 903 633 974 Nam.63,lineal.-Et
667 911 726 961 acto
749 912 891 972 cernentia,
917 909 971 961 etc.
997 904 1049 960 So·
1137 901 1311 960 Vincentius
1321 901 1665 959 LirinensisCommonit.
1675 902 1739 958 adv.
1749 899 1928 976 herescap.

224 976 308 1104 tlt
324 975 636 1105 llitiiiillnill
651 975 1050 1119 tttttttittttttt
1102 971 1932 1104 tltettitttlttlnttltttttnbttttttt

220 1067 359 1193 judiciis
373 1087 463 1175 Sixto·
484 1088 541 1190 sps’i
554 1117 585 1172 iii
595 1063 938 1199 preprtacausi'protsti,
950 1133 1050 1191 quein·
1099 1063 1203 1173 ‘caina
1215 1062 1318 1198 conreg
1325 1119 1496 1172 novatorum
1513 1113 1806 1198 insidiaseterrores.
1821 1119 1932 1190 «Adje-

224 1191 384 1248 admodum
400 1189 435 1245 de
450 1134 516 1245 aiiis
535 1188 723 1262 pontificibus
744 1189 871 1246 tonditur
884 1189 952 1244 data
967 1205 1049 1246 occa·
1104 1187 1208 1260 cimus,
1224 1185 1483 1269 inquitgemipam
1497 1185 1757 1269 apostolicaesedis
1774 1189 1933 1248 auctorita·

224 1263 307 1320 sione
321 1277 379 1316 non
393 1258 541 1327 dissimili,
553 1265 653 1315 contra
665 1260 789 1316 ansum
802 1265 831 1316 et
840 1260 1049 1316 Martinianum
1103 1263 1196 1316 tem...
1210 1260 1287 1342 Papa
1301 1259 1399 1315 Siiitus
1414 1275 1444 1340 in
1458 1257 1581 1330 epistola
1596 1275 1685 1331 quani
1700 1259 1736 1315 de
1751 1276 1842 1316 cause
1857 1260 1933 1318 Nes·

224 1351 295 1391 suos
310 1331 547 1389 calumniatores.
563 1331 650 1387 Liber
670 1330 845 1404 pontificalis
865 1329 998 1388 nonnihil
1014 1332 1051 1388 de
1102 1329 1169 1386 torii
1184 1328 1364 1387 Antiocheno
1380 1329 1461 1386 misit
1476 1328 1613 1402 episcopo
1625 1346 1632 1386 ι
1645 1331 1730 1404 Ergo,
1744 1328 1933 1404 inquit,quia

225 1404 272 1461 bis
286 1401 492 1477 attingitillia
505 1419 571 1458 vero
596 1406 661 1458 acta
680 1406 830 1459 recensent
850 1401 997 1474 judiciuin
1013 1404 1049 1459 ab
1104 1401 1181 1457 sicut
1200 1400 1241 1458 uit
1267 1400 1424 1475 Apostolus
1449 1399 1516 1472 fides
1543 1417 1601 1456 nna
1628 1409 1676 1470 est,
1689 1418 1752 1474 que
1780 1401 1934 1462 evidenter

224 1476 326 1532 eodem
337 1474 475 1548 pontillce
486 1473 632 1547 prolatum
644 1478 745 1530 contra
756 1473 979 1546 Polychronium
993 1473 1051 1546 epi·
1104 1471 1241 1538 obtinuit,
1262 1472 1385 1528 dicenda
1406 1471 1573 1538 credamus,
1588 1476 1617 1528 et
1640 1473 1766 1529 tenenda
1781 1473 1932 1534 dieamus.

225 1563 347 1621 scopum
359 1545 654 1618 hierosolymitanum
666 1545 754 1618 (apud
771 1544 887 1600 Binium
901 1545 956 1600 sub
970 1545 1050 1600 Sixto
1103 1544 1234 1599 Tandem
1249 1543 1299 1599 ille
1314 1560 1378 1670 pue
1396 1544 1521 1598 tenenda
1535 1546 1564 1598 et
1573 1543 1718 1600 credenda
1728 1546 1932 1628 prosequitur,

225 1618 274 1692 111)
284 1623 314 1676 et
323 1623 425 1675 eontra
436 1616 527 1674 alium
539 1615 708 1689 episcopum
724 1616 929 1688 Euphemiam.
941 1615 1049 1672 Verum
1104 1618 1132 1671 et
1143 1615 1184 1670 ait
1195 1631 1201 1671 :
1214 1613 1291 1670 Nihil
1303 1633 1321 1670 u
1335 1619 1380 1670 tra
1398 1613 1504 1686 iuquit,
1517 1613 1604 1670 liceat
1626 1615 1757 1685 novitati,
1768 1617 1841 1689 quia
1856 1617 1933 1675 nihil

225 1707 293 1747 cuni
303 1690 333 1745 in
350 1688 520 1760 hujusmodi
530 1687 610 1744 Actis
626 1687 768 1747 nonnulla
778 1691 933 1744 occurrant
947 1703 1049 1760 saspe-
1066 1713 1090 1779 B
1104 1686 1173 1742 addi
1184 1685 1318 1768 convenit
1327 1685 1475 1768 vetustati.
1487 1685 1642 1768 Perspicua
1651 1689 1797 1815 magorum
1808 1688 1898 1756 tides,
1905 1693 1934 1747 et

225 1765 303 1819 ctam
319 1759 436 1817 illorum
453 1761 539 1816 iidem
560 1758 730 1826 indicantia,
747 1760 783 1816 ab
798 1759 902 1815 iisdem
919 1757 1050 1815 hocloco
1105 1756 1263 1813 credulitas
1274 1755 1355 1813 nulla
1364 1772 1437 1812 coent
1449 1756 1638 1829 permistione
1647 1761 1696 1814 tur
1716 1763 1791 1815 etur.
1804 1758 1934 1818 Omnino

226 1831 401 1888 adhibendis
416 1829 645 1898 abstinebimus;
662 1830 748 1887 nobis
762 1830 840 1886 enim
855 1831 1049 1886 constitutum
1105 1828 1264 1900 apostolica
1280 1833 1312 1884 ut
1332 1828 1479 1900 majorum
1494 1829 1695 1885 eredulitatem
1711 1829 1935 1904 perspicuitatis

226 1906 271 1958 est
284 1903 315 1956 iu
334 1902 417 1973 copia
441 1901 652 1973 propemodum
676 1901 793 1956 infinita
815 1902 969 1969 lectorum,
987 1917 1050 1974 qua
1105 1898 1217 1956 lumine
1231 1905 1358 1965 ornaret,
1370 1913 1459 1955 novas
1478 1916 1544 1956 vero
1563 1901 1753 1972 profanitates
1773 1902 1849 1958 caeni
1865 1920 1935 1976 per-

225 1975 450 2046 pertrnctamus,
465 1987 498 2027 ea
512 1975 627 2026 tantum
642 1971 781 2028 adhibere
796 1971 1050 2046 testimoniaque
1105 1970 1242 2026 mistione
1257 1971 1442 2039 describeret,
1454 1992 1468 2022 a
1485 1975 1540 2027 etc.

226 2043 286 2101 sint
299 2041 486 2099 certitudinis
500 2041 682 2097 indubitata.
1141 2042 1266 2097 Sanctus
1288 2042 1411 2114 Prosper
1434 2042 1464 2096 in
1488 2041 1631 2098 Chronico
1656 2043 1693 2099 ad
1716 2059 1785 2100 ann.
1802 2045 1858 2100 440
1874 2043 1936 2101 baec

262 2115 294 2171 ln
310 2113 507 2169 historiavero
523 2111 595 2168 Sixti
610 2112 670 2168 baec
683 2113 859 2168 documenta
873 2116 943 2168 sunt
957 2116 1051 2170 atteri·
1105 2111 1254 2170 adnotavit
1264 2114 1299 2169 de
1310 2112 1382 2168 Siiiti
1392 2111 1452 2169 selo
1462 2117 1491 2169 et
1501 2113 1682 2186 providentia
1691 2121 1793 2171 contra
1804 2115 1938 2190 Pelngia·

226 2185 323 2242 denda
338 2183 411 2241 nulli
427 2183 552 2240 obnoxia
566 2183 752 2250 dubitationi,
770 2183 913 2239 recensita
928 2200 991 2255 cap.
1004 2185 1049 2240 24.
1105 2200 1168 2240 nos.
1183 2205 1196 2236 a
1209 2184 1267 2240 Hac
1281 2188 1464 2257 tempestate,
1483 2183 1740 2257 inquietatione
1753 2185 1936 2244 Arelatensis

227 2255 277 2313 lib.
299 2273 327 2313 iv
348 2256 480 2328 ejusdem
504 2255 537 2310 D.
555 2254 772 2328 archiepiscopo
797 2255 920 2322 Somier,
946 2271 1051 2327 nempe
1101 2253 1339 2325 jactantissimus
1367 2254 1513 2328 Pelagiani
1543 2256 1650 2312 erroris
1678 2259 1817 2324 assertor,
1844 2275 1936 2330 quein

226 2325 356 2401 epistole
368 2329 418 2383 404
428 2329 457 2382 et
469 2327 520 2382 405
530 2325 559 2382 S.
570 2327 611 2382 Au
635 2325 725 2382 ustini
740 2326 776 2381 ad
787 2326 922 2380 eumdem
935 2325 1050 2381 Sixtum
1105 2326 1217 2381 dudum
1233 2325 1335 2385 amissi
1344 2326 1531 2399 episcopatus
1541 2327 1741 2400 intemperans
1751 2329 1861 2403 cupido
1873 2347 1938 2386 exa-

226 2399 257 2454 in
272 2415 362 2456 causa
377 2342 651 2470 Pelaginuorum.¹in
666 2397 761 2469 prima
771 2395 800 2452 S.
813 2397 914 2452 doctor
924 2397 1052 2452 affirmat
1105 2396 1937 2474 gitabat,multimodaartefallendicorrectionisspeciem

226 2471 261 2526 sd
275 2487 325 2526 eos
339 2469 558 2542 cognoscendos
573 2468 623 2540 qui
640 2471 706 2551 poet
720 2467 938 2523 damnationem
956 2467 1051 2523 meni·
1104 2467 1260 2540 preferens
1273 2467 1449 2524 molitusest
1459 2467 1488 2524 iii
1499 2469 1633 2527 Ecclesia
1645 2471 1888 2528 communionem
1899 2473 1937 2529 ie

227 2541 300 2598 testo
316 2539 570 2613 sedisapostolicae
582 2538 694 2611 judicio
706 2539 812 2594 iactam
824 2539 993 2594 eorumdem
1005 2556 1051 2611 pc·
1104 2555 1212 2610 repere.
1227 2539 1282 2595 Sed
1297 2538 1343 2596 bis
1358 2539 1474 2596 insidiis
1489 2540 1588 2598 Sixtus
1623 2559 1679 2615 upa
1694 2541 1810 2598 diaconi
1827 2543 1937 2601 Leonis

226 2611 389 2668 stilcntium
400 2627 532 2667 errorum
543 2615 662 2683 repente
671 2610 881 2676 conticuerant,
889 2626 942 2665 nec
953 2614 1050 2666 tumen
1104 2608 1222 2666 hortatu
1233 2609 1388 2683 vigilanter
1397 2627 1553 2668 occurrens
1564 2559 1679 2669 nicilum
1690 2612 1801 2671 aditum
1812 2615 1936 2687 partite·

226 2681 388 2740 sanationis
404 2699 464 2739 sue
474 2680 568 2738 tutius
578 2683 786 2738 documentum
822 2681 979 2749 nabebunt,
992 2680 1051 2738 edi·
1104 2679 1144 2736 ris
1156 2680 1310 2737 conatibus
1320 2686 1419 2754 patere
1430 2683 1573 2754 permisit.
1585 2685 1620 2740 lit
1635 2684 1675 2740 ita
1690 2701 1793 2742 ornnes
1807 2685 1935 2744 catholi-

225 2755 336 2827 gendos
346 2769 410 2810 esse
421 2752 583 2809 nousolum
595 2757 628 2808 ut
637 2753 775 2826 dogmata
784 2697 1049 2820 iliarutsaueeant,
1104 2767 1153 2808 oos
1169 2752 1331 2824 dejectione
1356 2752 1469 2809 fallacis
1489 2754 1589 2811 bestias
1624 2756 1731 2814 audere
1755 2756 1833 2826 lecit,
1846 2759 1936 2831 quasi

226 2827 419 2882 verumetiam
432 2832 462 2880 ut
477 2825 536 2880 illes
556 2841 620 2880 vera
637 2825 821 2881 contrariosa
835 2823 1051 2906 amittasotent
1103 2825 1175 2879 tunc
1191 2823 1319 2896 primum
1342 2825 1586 2898 superbissimam
1603 2771 1629 2883 0

225 2896 316 2952 studio
338 2895 370 2952 dc
382 2903 476 2952 enecat
491 2914 500 2954 .·
515 2894 545 2950 44
568 2895 698 2951 secunda
711 2911 778 2951 vero
803 2893 926 2966 epistola
949 2894 1051 2952 laudat
1102 2893 1199 2968 gladio
1215 2895 1454 2952 detruncasset.»

226 2965 338 3024 litteras
357 2903 429 3023 00444
445 2966 481 3022 44
505 2965 656 3023 Aurelium
672 2965 930 3038 Carthaginensem
954 2966 1049 3033 datas,
1141 2964 1219 3022 ldem
1235 2966 1264 3022 S.
1276 2966 1399 3049 Prosper
1413 2967 1525 3024 advers.
1533 2967 1705 3026 Colletorem
1721 2968 1751 3025 in
1764 2970 1823 3026 line
1838 2971 1877 3028 de
1894 2972 1935 3030 le·

1632 2825 1746 2884 eresim
1770 2828 1935 2902 apostolico

225 3054 290 3111 quie
304 3035 433 3111 vigorem
448 3037 520 3093 sixti
537 3037 687 3109 proprium
699 3037 840 3093 adversus
875 3035 989 3104 relatos
1003 3053 1048 3092 er·
1102 3033 1151 3091 lici
1163 3035 1234 3092 Sixti
1246 3037 1343 3093 labore
1353 3042 1395 3094 ita
1406 3037 1535 3110 loquitur
1547 3056 1573 3095 :«
1583 3039 1647 3096 llaec
1661 3041 1701 3097 sit
1714 3058 1782 3115 pars
1797 3041 1868 3098 huic
1886 3061 1934 3100 re·

225 3125 305 3166 rores
330 3108 402 3165 satis
429 3107 619 3164 indicabant:
638 3108 688 3164 ubi
712 3107 800 3164 etiam
823 3125 840 3164 a
862 3108 991 3163 notanda
1004 3092 1085 3164 estC
1104 3111 1216 3164 servata
1251 3109 1339 3165 astari
1353 3125 1359 3164 :
1372 3113 1401 3164 et
1415 3114 1448 3164 ut
1462 3109 1503 3166 illi
1514 3111 1747 3194 predecessores
1762 3115 1828 3185 ejus
1843 3115 1935 3172 inno-

225 3179 364 3253 preclara
387 3181 430 3237 Aa
454 3178 542 3236 ustini
559 3178 721 3236 observatio
745 3178 822 3234 circa
844 3177 996 3251 epistolam
1012 3180 1048 3235 ab
1103 3125 1934 3258 centiusflosimus,Boniiacius,Goelestinusluposabe·

226 3251 357 3324 apostolo
373 3197 461 3307 Panic
479 3251 515 3306 ad
536 3251 682 3306 Romanos
697 3249 853 3331 datam,'in
870 3265 929 3320 que
952 3253 1050 3307 tanto·
1102 3264 1170 3322 gere
1187 3249 1367 3317 manifestos,
1384 3251 1425 3308 ita
1446 3250 1493 3308 hic
1512 3253 1638 3327 depellat
1656 3255 1934 3316 occultissume

225 3337 293 3394 pere
308 3321 438 3378 Gratiam
453 3320 505 3378 Dei
526 3321 721 3392 commendat,
734 3343 749 3370 «ι
765 3324 798 3376 44
813 3320 881 3378 inde
897 3336 928 3376 se
942 3320 1048 3393 predi·
1103 3324 1203 3376 nostra
1213 3319 1347 3378 Clemens
1355 3322 1390 3378 ltl
1401 3321 1512 3395 priscas
1522 3324 1659 3382 victorias
1673 3325 1841 3399 apostolicae
1853 3330 1934 3386 sedis

225 3393 301 3449 catio
315 3393 390 3476 ejus,
400 3391 482 3450 velut
495 3409 512 3449 4
524 3392 619 3467 capite
639 3391 719 3449 orbis
734 3391 838 3462 (Roma
852 3389 973 3466 scilicet)
989 3395 1048 3448 toto
1102 3395 1205 3448 contra
1228 3390 1364 3449 inimicos
1388 3394 1487 3466 gratie
1502 3394 1564 3464 Dei,
1580 3401 1610 3452 et
1624 3395 1766 3454 libertatis
1792 3397 1934 3456 humane

224 3464 294 3520 orbe
309 3464 494 3522 diffunderet.
506 3487 521 3515 »
1102 3461 1249 3519 renovavit
1264 3464 1397 3537 exemplo
1418 3465 1501 3522 sixti.
1523 3467 1709 3538 Innocentius
1724 3469 1748 3524 X
1762 3473 1792 3525 et
1805 3470 1932 3528 Alexan·

259 3536 377 3592 Attendi
393 3536 500 3592 dehent
515 3535 587 3593 sixti
602 3534 697 3618 ipsius
712 3531 841 3606 epistola
857 3533 894 3616 ad
905 3533 1047 3590 Jonnnem
1102 3532 1222 3616 nervil·
1232 3535 1296 3662 epus
1314 3535 1481 3594 decessores
1496 3537 1666 3595 devicerunt
1679 3539 1844 3598 declaratos
1859 3542 1933 3600 Jan·

223 3607 448 3674 Antiochenam,
460 3612 489 3663 et
503 3609 539 3664 ad
559 3605 699 3688 Cprillum
718 3602 946 3660 Alexandrinum
962 3605 1046 3673 date,
1102 3621 1222 3661 senismi
1260 3605 1407 3663 clausores
1422 3608 1457 3664 de
1470 3608 1610 3667 simulata
1624 3611 1807 3684 abjuratione
1823 3612 1855 3672 in
1870 3616 1931 3687 eja·

224 3683 371 3735 contestes
380 3679 513 3750 ejusdem
523 3677 665 3734 claritatis
681 3675 802 3745 eximie,
815 3692 848 3732 ao
860 3675 1047 3749 providentie
1101 3676 1184 3733 silem
1198 3682 1282 3734 secta
1294 3679 1497 3750 complicibus.

842 4025 974 4098 XLVll.
1002 4022 1192 4100 SANCTUS
1218 4027 1313 4100 LEO.

634 4245 717 4294 iuno
738 4245 858 4294 cauisri
878 4229 950 4304 tto,
972 4245 1134 4294 ruronosii
1156 4229 1206 4306 33,
1228 4246 1443 4308 visanririiiiii
1466 4233 1515 4296 t6.

341 4546 409 4605 σο.
435 4542 505 4614 Leo,
526 4542 645 4602 naticae
676 4537 798 4610 Tuscia,
820 4556 858 4599 ee
884 4546 972 4619 patre
991 4540 1171 4640 ‘Quintinae
1195 4538 1270 4602 sedit
1299 4560 1391 4603 aanor
1421 4545 1472 4618 ni,
1502 4563 1627 4607 mensem
1649 4547 1679 4622 l,
1710 4545 1771 4612 daec
1801 4549 1842 4611 26
1873 4549 1931 4633 (a).

300 4648 401 4727 Hujus
423 4646 618 4728 temporibus
639 4643 714 4706 lecit
734 4643 893 4704 Demetria
914 4644 1029 4706 ancilla
1059 4646 1116 4709 Dei
1146 4647 1308 4709 basilicam
1331 4655 1439 4712 saneto
1461 4649 1622 4732 Stephano
1644 4653 1695 4716 via
1720 4655 1832 4718 Latina
1855 4658 1929 4720 mil-

300 4753 391 4817 liario
412 4756 432 4814 4
453 4752 506 4834 (b),
529 4753 560 4813 iii
584 4749 703 4830 praedio
731 4767 800 4811 suo.
823 4749 884 4812 Hi'c
914 4750 1025 4813 incenit
1058 4751 1131 4815 daus
1160 4752 1291 4830 hereses,
1314 4754 1536 4838 Eutyclirhnam
1565 4768 1594 4820 et
1622 4757 1845 4839 Nestoriunam,
1872 4785 1929 4846 per

301 4859 455 4944 quosdam
478 4858 651 4939 episcopos.
675 4855 732 4916 llic
753 4856 912 4920 ordinavit
933 4865 1092 4942 praecepta
1113 4879 1171 4923 sua
1199 4862 1396 4936 auctoritate,
1421 4870 1453 4926 et
1474 4865 1558 4928 misit
1578 4866 1619 4928 ad
1640 4869 1837 4934 Marcianum
1858 4875 1926 4935 44-

260 4971 427 5049 agustini
451 4963 577 5028 fidelem
599 4963 773 5044 principem
795 4963 998 5028 catholicum.
1029 4969 1069 5030 Et
1095 4967 1178 5031 iacta
1198 4969 1366 5032 collatione
1394 4988 1465 5032 cum
1494 4972 1605 5035 eodem
1628 4975 1778 5058 principe,
1801 4979 1926 5043 collecti

300 5078 374 5138 sunt
394 5072 543 5154 episcopi,
566 5077 596 5132 ct
616 5069 653 5152 (c)
675 5070 788 5151 faciani
809 5081 851 5132 eat
870 5073 1026 5134 concilium
1047 5081 1191 5137 sanctum
1223 5078 1425 5158 epsicoporum
1453 5077 1485 5138 in
1508 5077 1693 5143 Chalcedona
1715 5080 1758 5165 (d)
1781 5083 1813 5144 in
1839 5103 1925 5148 msr-

301 5181 380 5264 tyrio
400 5185 509 5242 sancte
529 5177 679 5256 Ensemin
702 5176 751 5258 (e),
774 5187 803 5239 et
832 5179 1008 5260 conprepats'
1024 5189 1093 5242 sunt
1118 5183 1177 5244 256
1203 5180 1366 5244 sacedotes
1395 5192 1425 5244 et
1453 5183 1519 5260 clii,
1544 5205 1669 5267 qaorum
1690 5187 1925 5275 cdiinqraplinni

299 5287 433 5351 cacavit
454 5285 513 5348 400
534 5284 674 5366 eprtcopi',
699 5283 755 5366 qui
776 5285 959 5365 cougregati
980 5305 1046 5348 una
1065 5305 1137 5348 cum
1159 5286 1282 5350 'Phaino
1304 5287 1358 5370 (s),
1381 5288 1442 5352 boc
1462 5296 1510 5353 est
1530 5291 1591 5356 ilde
1612 5295 1794 5376 spostolicae
1815 5299 1925 5364 accie-

813 5503 935 5552 0040444
956 5506 1149 5554 0400404000
1169 5507 1331 5556 suaserat.

252 5671 338 5756 (alli,
354 5686 423 5726 nnn.
438 5670 471 5724 21
488 5665 588 5725 minus
607 5663 636 5720 d.
652 5663 696 5730 32,
724 5679 742 5719 a
764 5679 829 5721 coss
854 5663 1000 5724 Valentia.
1016 5672 1076 5726 vet
1098 5668 1225 5752 Anatolii
1249 5669 1285 5726 ad
1310 5671 1480 5755 Severinum
1495 5678 1524 5730 et
1547 5673 1772 5750 Dagalaiphuui.
1810 5683 1852 5756 (d)
1868 5685 1878 5709 ·
1892 5681 1919 5742 3.

216 5744 252 5822 (θ)
268 5742 332 5802 l'tdc
345 5743 437 5799 Baton
451 5740 496 5798 ad·
512 5756 560 5796 an·
576 5741 655 5796 Dom·
671 5735 801 5812 430409
817 5737 877 5796 438.
916 5738 1174 5816 (dichalcedonia.
1212 5739 1247 5815 (c)
1264 5739 1487 5817 C,llupbemie.
1525 5747 1728 5822 (s)c,'1¹0m0‚
1909 5763 1911 5772 v
