4098 6186
131 193 173 274 ts
513 207 700 273 iiisronii
720 209 771 273 nu
793 208 895 276 viris
918 205 1014 276 noti.
1035 207 1150 275 roni.
1165 241 1206 257 -
1220 181 1255 274 s.
1276 207 1468 276 cicunias
1804 175 1847 278 io

131 343 246 402 Omnem
259 340 366 414 uentre,
378 347 404 398 et
417 339 544 400 diuinam
557 341 737 401 Athanasium
758 361 809 418 qao
823 362 873 418 pro
889 361 917 402 sc
932 349 962 401 ta
977 347 1005 414 Α
1019 361 1053 402 ex
1068 343 1189 418 epistola
1205 342 1276 401 tulii
1292 359 1373 418 pape
1398 344 1475 418 apud
1501 345 1653 416 Athenas,
1666 345 1752 421 paulo
1775 351 1842 408 ante

125 417 238 488 judicio
267 413 578 486 responderetvocevit.
605 415 836 473 Eusebianorum
866 416 962 486 missi,
1019 417 1117 472 tinem.
1278 465 1280 470 .

129 485 248 545 etiamsi
264 485 424 542 concilium
440 484 541 541 haberi
559 486 826 558 impetrassent,ita
840 488 963 545 subirati
1054 510 1069 538 ιι
1087 486 1267 544 Firmitatcm
1283 485 1385 554 animi,
1402 501 1490 559 quain
1506 487 1553 543 hic
1572 489 1702 546 ostendit
1722 495 1842 550 sanctus
1870 528 1871 531 =

128 571 161 616 ac
176 557 309 632 perculsi
324 560 396 613 sunt
410 556 445 612 de
462 556 540 612 Pisto
556 574 614 613 noii
631 557 760 614 admisso
771 559 963 616 adeesisten-
1018 557 1115 615 Julius
1131 559 1160 614 in
1179 559 1287 614 tuenda
1299 557 1471 614 auctoritate
1489 575 1625 630 suprema
1641 559 1843 634 sedisaposto-

128 632 202 687 dum
212 626 838 709 praevalidisAthanasiirationibus,itacum
850 631 963 688 intruso
1018 629 1092 696 lica,
1109 630 1255 704 quomodo
1270 628 1432 685 exercuerit
1446 629 1475 684 in
1491 629 1581 712 gestis
1595 630 1719 688 subinde
1739 649 1841 689 conse-

165 699 962 774 isuadentibus,utinterlegatospraecipuibtacarius,
1018 702 1106 769 cutis,
1136 700 1252 774 exponit
1281 699 1460 756 luculentius
1498 701 1575 756 idem
1604 701 1841 775 archiepiscopus

155 770 292 845 artycius
306 774 336 826 et
351 770 526 843 Hesychius,
541 771 676 844 quamvis
691 773 770 846 gravi
795 773 963 830 valetudine
1018 771 1141 841 Somier‚
1159 789 1222 844 cap.
1238 773 1293 840 6,7
1308 777 1336 828 et
1350 774 1377 843 it,
1394 770 1546 830 occasione
1562 771 1675 827 concilii
1687 773 1841 830 Sardicen-

125 843 230 900 attlicti
243 843 279 898 de
295 845 382 898 nocte
397 841 518 914 protecti
529 842 628 916 sugam
645 847 763 916 repente
773 844 960 928 arripuerint.
1018 843 1069 912 sis,
1087 845 1164 916 quod
1181 859 1328 899 asumma
1354 842 1489 915 pontifice
1511 847 1701 899 convocatum
1720 845 1841 900 demon·

125 915 156 972 lii
174 915 338 971 illamverc
350 913 526 969 sententiam
539 913 857 987 congregandiconcilii
869 933 902 972 eo
913 918 962 972 fir·
1017 918 1092 972 strat
1108 931 1114 970 :
1131 919 1160 970 et
1175 915 1225 969 ubi
1242 915 1276 969 de
1291 913 1537 987 appellationibus
1548 915 1584 970 ad
1596 918 1728 970 sanctem
1742 916 1841 972 sedem

124 987 208 1043 mius
218 985 412 1042 descenderat
423 983 562 1052 tutiusne
572 984 602 1040 in
615 1002 648 1041 ea
658 986 842 1042 constantius
854 991 963 1060 persta·
1013 986 1081 1058 jure
1095 984 1286 1057 interpositis,
1304 1003 1336 1041 ac
1352 984 1572 1057 interponendis
1587 985 1670 1041 docte
1686 1002 1737 1067 pro
1760 1002 1842 1042 more

124 1059 189 1124 bat,
199 1073 259 1130 quo
276 1055 376 1129 plures
392 1058 475 1110 erant
490 1057 587 1128 episco
610 1057 618 1110 i
635 1056 671 1111 ab
686 1057 963 1116 Eusebianisveiiati
1017 1073 1071 1113 suo
1086 1057 1214 1113 disserit.
1228 1055 1364 1128 Ejusdem
1382 1055 1532 1112 selectiora
1549 1055 1596 1111 hic
1612 1055 1747 1114 attulisse
1762 1057 1842 1112 sulti·

144 1129 253 1185 erinde
264 1073 679 1200 atqueAthanasiussmleque
690 1129 768 1184 enim
780 1130 962 1198 (aitsanctus
1016 1127 1084 1194 ciat,
1100 1144 1163 1200 quie
1180 1128 1215 1183 ad
1232 1126 1426 1184 constantiam
1451 1127 1524 1183 tanti
1549 1127 1696 1202 pontilicis
1716 1127 1747 1182 iii
1761 1142 1842 1184 asse·

123 1147 344 1282 BaterApotoa.
368 1199 396 1268 2)
419 1197 514 1253 solum
543 1197 722 1255 Athanasius
752 1204 781 1254 et
807 1200 961 1256 Marcellus
1017 1200 1107 1255 rendo
1123 1199 1260 1255 Romana
1274 1199 1352 1254 sedis
1367 1198 1495 1272 primatu
1512 1203 1541 1254 et
1555 1199 1728 1254 auctoritate
1752 1215 1843 1272 supra

122 1288 138 1327 e
161 1272 262 1344 iscopi
276 1285 345 1325 cum
361 1269 555 1352 querimoniis
570 1270 606 1325 de
622 1269 710 1326 illatis
726 1269 854 1341 injuriis,
872 1273 921 1327 scd
933 1276 963 1329 et
1017 1275 1146 1336 cataras,
1163 1269 1252 1326 veluti
1280 1270 1426 1343 specimen
1456 1270 1589 1326 omnium
1617 1275 1841 1327 consecutorum

123 1290 252 1416 plurimi
269 1340 318 1396 alii
330 1340 460 1413 episcopi
476 1357 511 1397 eii
526 1340 660 1408 Thracia,
677 1339 962 1415 Ooelesyria,thni-
1015 1341 1251 1404 deliberavimus,
1268 1363 1282 1392 »

121 1431 168 1482 ce,
188 1411 347 1469 Palestinae
362 1411 421 1467 huc
441 1427 609 1467 convenere.
627 1435 642 1462 »
658 1413 811 1468 'testatum
835 1413 961 1486 legimus

121 1500 139 1541 a
164 1485 209 1540 ud
227 1487 365 1556 antiques
381 1483 540 1555 scriptores
552 1482 627 1538 hanc
637 1482 828 1539 Orientalium
840 1501 960 1541 causam

122 1501 160 1612 ag
178 1557 350 1611 Romanum
366 1552 438 1608 Julii
454 1571 536 1636 papa
552 1554 681 1609 tribunal
698 1555 788 1611 luisse
804 1556 960 1613 deductam
1052 1551 1275 1609 tincti-Hic
1287 1554 1394 1621 exsilio,
1406 1558 1461 1610 ete.
1473 1555 1515 1609 Ad
1526 1553 1720 1610 exhibendam
1740 1571 1838 1611 veram

161 1631 196 1682 st
207 1623 382 1682 Antiocheni
395 1623 511 1679 concilii
529 1625 736 1698 cognitionem,
753 1628 865 1700 ipsomet
879 1629 960 1684 Eusc-
1016 1639 1048 1679 ac
1064 1623 1233 1680 distinctam
1249 1625 1397 1679 notionem
1413 1626 1599 1696 pontificatus
1625 1625 1731 1681 hiberii
1753 1625 1838 1707 plura

137 1701 166 1754 io
185 1699 292 1768 tapetas
304 1696 340 1752 od
348 1695 456 1752 tetiam
465 1698 635 1763 mittentem
650 1712 713 1768 qum
728 1697 858 1754 adrisirsus
877 1699 958 1755 Atta.
1015 1693 1230 1766 praestabimus.
1245 1694 1341 1750 Primo
1352 1712 1531 1766 exponemus
1547 1696 1678 1766 eJ'usdem
1695 1695 1838 1752 sollicitu-

120 1772 244 1826 iiasi‘iim
257 1768 364 1824 decreta
379 1776 476 1836 essent,
494 1775 554 1822 rota
568 1767 677 1824 haberet
691 1772 719 1837 (a
742 1769 780 1824 ud
796 1767 880 1825 Phot.
892 1771 956 1825 cod.
1014 1765 1112 1822 dinem
1123 1783 1175 1836 pro
1187 1765 1254 1822 fidei
1270 1765 1418 1821 catholica
1436 1766 1613 1822 detonsione.
1626 1767 1760 1822 Secundo
1774 1765 1837 1822 loco

119 1843 177 1899 257
197 1843 228 1896 et
243 1841 319 1907 258).
336 1838 418 1904 Ouod
443 1838 530 1894 etiam
552 1838 685 1894 Socrates
705 1785 755 1895 lili.
781 1857 813 1906 ir,
834 1857 897 1914 cap.
926 1842 956 1896 tt
1014 1835 1211 1892 indicabimus
1227 1837 1305 1892 mala
1323 1854 1386 1919 quie
1411 1854 1568 1910 perpessus
1583 1840 1636 1905 cst,
1654 1853 1687 1893 ac
1702 1853 1837 1910 persecu·

121 1912 272 1970 (ffirmat.
287 1909 319 1966 ld
333 1925 401 1965 vero
416 1909 489 1965 satis
506 1908 794 1982 demonstrat,quam
807 1915 869 1967 rata
881 1913 958 1984 apud
1015 1909 1108 1964 tiones
1125 1925 1198 1979 quas
1213 1907 1366 1976 sustinuit,
1381 1908 1483 1962 cadem
1500 1906 1535 1962 de
1549 1924 1647 1963 causa.
1665 1907 1761 1964 Tertio
1787 1925 1838 1978 per

120 1983 272 2055 ai'itiquos
295 1984 372 2037 esset
394 1983 423 2036 et
448 1980 623 2036 inconcussa
647 1982 805 2038 auctoritas
823 1999 961 2053 suprema
1015 1977 1838 2050 nosestcndetur,lapsumLiberiinihilderogassesanctai

121 2057 273 2112 nomana
297 2049 460 2108 sedislloe
490 2052 568 2107 eiiiin
598 2052 729 2124 exemplo
757 2051 798 2108 ita
826 2054 960 2109 eumdem
1015 2049 1092 2105 sedis
1108 2048 1285 2105 auctoritati.
1302 2051 1409 2115 Quarto
1425 2048 1550 2121 deniqne
1565 2048 1662 2122 palam
1678 2051 1736 2116 liet,
1753 2065 1837 2104 cum-

121 2126 310 2182 eonfimiant
325 2121 454 2194 episcopi
470 2122 499 2177 in
517 2121 656 2196 synodica
671 2122 784 2179 concilii
808 2123 896 2180 ltaliae
923 2125 959 2180 ad
1014 2122 1080 2176 deni
1090 2119 1330 2176 relevatumexeo
1341 2121 1418 2192 quod
1430 2119 1603 2176 humanitus
1616 2137 1721 2192 passus
1733 2121 1837 2186 suerat,

121 2195 332 2254 Theodosium
346 2195 512 2266 Augustum
528 2192 708 2250 scribentes:
726 2216 739 2245 c
756 2195 826 2252 ture
841 2200 870 2252 et
881 2211 961 2252 more
1015 2191 1140 2248 subinde
1154 2191 1281 2246 evasisse
1296 2191 1466 2246 viridiorem
1481 2194 1509 2246 et
1524 2190 1671 2246 utiliorem
1692 2189 1835 2247 Ecclesia.

122 2270 293 2333 macrum,
310 2265 387 2321 sicut
401 2268 429 2320 et
445 2269 551 2320 sancta
567 2265 714 2322 memoriae
730 2266 918 2334 Athanasius,
932 2271 961 2322 et
1015 2279 1103 2336 quani
1120 2262 1257 2334 deinceps
1273 2261 1400 2334 plurima
1414 2279 1481 2318 cum
1497 2261 1584 2318 laude
1608 2261 1838 2329 administravit<

121 2285 246 2396 dudum
265 2337 367 2393 Petrus
392 2334 593 2392 Alexandrina
618 2334 753 2392 Ecclesia
779 2337 918 2410 episcopi,
933 2341 962 2393 et
1051 2333 1551 2415 Reponiturcditainterfragmenta
1565 2332 1837 2415 operanAEHnri,

121 2407 327 2469 Orientalium
343 2405 475 2480 plerique
491 2407 631 2480 lecerunt,
645 2411 678 2462 ut
693 2409 729 2463 ad
752 2407 886 2466 Ecclesia
902 2409 958 2464 llo-
1015 2403 1201 2476 epistolasub
1214 2403 1319 2459 Liberii
1330 2421 1448 2460 nomine
1459 2405 1495 2459 ad
1507 2403 1836 2477 episcoposOrientales,

121 2498 238 2549 maiia,
257 2477 355 2547 ltalia,
373 2483 401 2535 et
415 2479 507 2534 totius
521 2477 686 2535 Occidentis
701 2479 868 2554 confugisse
892 2496 961 2536 con·
1015 2475 1045 2531 in
1062 2492 1120 2549 qua
1143 2475 1326 2548 exprimitur,
1343 2476 1379 2530 ab
1399 2475 1453 2530 hoc
1474 2474 1611 2546 pontifice
1638 2474 1837 2532 excommuni-

120 2555 234 2612 ciiium
249 2551 426 2607 viderentur.
444 2572 459 2600 ιι
1016 2553 1114 2602 catum
1130 2546 1221 2602 tuisse
1235 2547 1351 2602 beatum
1378 2545 1581 2614 Athanasium,
1599 2551 1783 2602 recusantem
1807 2546 1837 2600 iu

343 2681 348 2692 Ι
462 2681 468 2692 ,
1016 2617 1123 2674 Urbem
1131 2617 1227 2673 venire
1242 2619 1278 2672 ad
1290 2617 1526 2688 respondendum
1543 2615 1839 2673 accusationibusite·

152 2685 278 2740 Verum
292 2697 403 2737 omissa
417 2679 508 2752 huius
518 2680 713 2752 chronologia
729 2683 815 2748 serie,
832 2683 860 2738 id
886 2683 961 2738 facto
1016 2705 1081 2744 rum
1098 2688 1152 2760 ipsi
1167 2688 1316 2744 intentatis
1332 2690 1409 2744 circa
1424 2689 1512 2743 finem
1537 2688 1725 2760 precedentis
1742 2687 1838 2760 ponti·

121 2751 963 2885 aesitaberitistitalitietantia
1016 2757 1839 2886 ttittittttitittottiitbttttttttttt

121 2899 284 2957 submisse
299 2896 446 2968 professos
461 2895 584 2977 themani
599 2896 746 2977 pontilicis
765 2897 915 2953 sententiae
931 2912 963 2952 se
1016 2918 1085 2958 nere
1100 2906 1223 2984 oportet,
1240 2901 1317 2973 quod
1341 2845 1488 2956 evidegter
1515 2903 1629 2956 constat
1653 2917 1688 2955 ex
1701 2871 1838 2955 om’nibus

121 2971 297 3045 parituros:
307 2966 533 3048 &Athanasium
541 2971 715 3023 accersitum
723 2967 962 3040 quantociushuc
1017 2973 1147 3045 antiquis
1155 2971 1432 3036 monimentishanc
1443 2970 1595 3044 epistolam
1607 2986 1735 3026 nonesse
1746 2970 1838 3026 sctum

122 3039 307 3100 advenisse:
320 3061 333 3087 u
345 3037 519 3094 Eusebianis
530 3038 565 3092 ad
583 3039 777 3094 certemdiem
790 3043 824 3094 ut
834 3055 865 3094 se
875 3037 960 3094 siste·
1017 3043 1133 3100 Liberii.
1145 3043 1285 3100 Baronius
1300 3042 1330 3097 id
1344 3040 1459 3099 invictis
1476 3041 1638 3098 rationibus
1655 3041 1838 3097 demonstrat

123 3119 196 3170 rent
206 3110 323 3184 judicio
334 3125 398 3164 esse
407 3109 590 3190 mandatum:
605 3125 712 3180 eosque
723 3109 883 3182 plurimum
892 3126 959 3166 con·
975 3077 998 3147 G
1015 3114 1172 3170 Annalium
1183 3118 1261 3170 tomo
1273 3113 1357 3182 lll,et
1368 3112 1453 3186 plane
1465 3117 1579 3169 constat
1588 3112 1721 3168 eamdem
1738 3111 1838 3168 dolose

125 3180 371 3253 turbatos,quod
396 3183 498 3234 contra
518 3195 649 3251 ipsorum
675 3197 689 3236 s
711 3197 757 3235 ein
781 3181 961 3236 Athanasius
1015 3185 1258 3241 insertamfuisse
1275 3183 1426 3240 ahArtano
1442 3201 1500 3256 quo
1523 3184 1581 3239 iam
1593 3183 1731 3256 operibus
1745 3182 1839 3238 sancti

125 3257 260 3312 Romani
271 3269 301 3308 se
313 3249 486 3333 contulisset
496 3255 678 3332 commentos
689 3197 779 3307 Fuisse
790 3251 887 3307 tutiles
897 3251 960 3306 ina·
1015 3256 1127 3322 Hilarii,
1144 3273 1177 3312 nc
1192 3256 1383 3312 substitutam
1398 3255 1460 3311 loco
1485 3202 1605 3311 allerias
1628 3253 1696 3310 huic
1719 3251 1839 3334 omnino

126 3322 960 3398 nmqueesusificationestersiversando»texti-Athenas,
1016 3327 1177 3384 contraria.
1189 3328 1220 3383 ld
1237 3327 1315 3382 enim
1331 3326 1485 3382 manifeste
1505 3325 1570 3381 colii
1594 3325 1653 3380 itur
1669 3342 1703 3381 ex
1718 3324 1839 3398 itaque

128 3399 204 3480 Apol.
221 3400 265 3462 2).
291 3393 324 3449 ld
348 3393 465 3465 planius
487 3408 628 3476 exponam
641 3393 699 3476 'ubi-
721 3395 803 3466 prius
827 3410 961 3449 amavero
1015 3399 1055 3455 ibi
1070 3404 1190 3454 sanctus
1206 3398 1254 3452 hic
1270 3399 1353 3453 Pater
1368 3397 1468 3453 subdit
1482 3341 1660 3463 immefiiata
1673 3399 1840 3476 queasten-
1909 3389 1916 3398 '

130 3467 351 3533 difficultatem,
364 3481 453 3536 quam
468 3468 595 3520 excitare
611 3463 717 3537 aliquis
753 3469 832 3520 osset
845 3465 963 3521 denen·
1016 3471 1091 3526 dunt
1106 3471 1135 3526 s.
1152 3468 1293 3524 Hilarium
1320 3474 1383 3523 tuin
1408 3468 1548 3539 temporis
1564 3467 1666 3522 intime
1690 3467 1840 3522 addictum

131 3535 733 3606 nattisvocibusveterumscriptorumqui
758 3537 962 3591 usabutuntur
1015 3541 1107 3597 inisse
1123 3540 1256 3612 partibus
1271 3539 1434 3595 Athanasii.
1444 3539 1516 3594 Nam
1532 3539 1634 3594 littera
1648 3537 1683 3594 ab
1697 3537 1839 3620 AEgyptiis

128 3609 239 3667 intensi
257 3605 422 3663 auctoritati
439 3605 575 3661 Romana
590 3607 679 3673 sedis,
693 3610 726 3661 ut
747 3605 897 3664 insinuent
921 3607 961 3662 le·
1016 3612 1161 3684 episcopis
1176 3628 1227 3685 per
1240 3627 1275 3666 ea
1293 3617 1425 3682 tempora
1450 3610 1487 3666 ad
1511 3608 1648 3664 eumdem
1672 3608 1840 3679 pontiticem

126 3682 264 3738 etoribus
279 3679 354 3734 banc
366 3675 541 3732 delationem
557 3692 652 3732 causas
668 3677 704 3732 ed
719 3677 789 3732 Jalii
814 3678 962 3759 pontilicis
1017 3684 1182 3740 Romanum
1199 3683 1272 3736 data
1284 3683 1430 3754 petebant,
1441 3698 1498 3736 non
1514 3684 1547 3735 ut
1561 3679 1622 3734 sedi
1633 3696 1692 3734 sure
1704 3678 1841 3734 reddere-

126 3749 263 3808 trihunal
278 3747 381 3806 haberi
397 3751 529 3820 oportere
543 3747 706 3820 simplicem
723 3748 822 3804 arbitri
845 3748 961 3804 electio·
1016 3759 1065 3810 tur
1079 3754 1267 3820 Athanasius,
1278 3753 1328 3808 sed
1341 3758 1372 3808 ut
1382 3752 1465 3807 illum
1478 3749 1660 3808 manuteneri
1670 3749 1699 3804 iii
1711 3765 1842 3805 commu-

126 3839 195 3879 nem
210 3839 248 3878 ex
272 3835 421 3876 consensu
447 3819 539 3891 partis
561 3819 747 3888 Eusebianae;
769 3819 961 3878 Athanasium
1016 3826 1103 3882 niune
1118 3823 1252 3880 Ecclesia
1275 3822 1517 3895 decerneret,qui
1545 3819 1663 3877 etalio
1689 3821 1841 3877 decessore
1902 3885 1906 3892 ¹

125 3911 194 3950 vero
211 3896 320 3966 prater
334 3905 513 3946 consensum
537 3889 566 3944 in
591 3891 728 3946 eumdem
753 3890 896 3946 arbitrum
918 3909 961 3946 re·
1017 3898 1111 3952 suerat
1125 3900 1268 3968 receptus.

126 3966 262 4038 spexissa
288 3963 413 4018 Romam
437 3965 578 4031 tanquam
591 3961 717 4033 asylum.
733 3959 841 4016 Verum
867 3978 962 4017 causa
1052 3967 1155 4038 Negari
1173 3967 1293 4020 minime
1309 3968 1413 4047 potest,
1432 3963 1579 4018 Liberium
1591 3962 1646 4016 sub
1660 3959 1778 4016 initium
1795 3959 1841 4015 sui

127 4034 277 4093 naturaei
294 4033 476 4099 attendatur,
493 4031 518 4086 si
533 4033 663 4088 delectus
687 4034 929 4089 documentorum
946 4050 963 4088 a
1037 4039 1204 4094 aptificatus
1220 4037 1256 4091 ab
1272 4035 1468 4092 Orientalibus
1484 4032 1631 4107 episcopis
1646 4032 1843 4088 tuisseadmo·

128 4109 209 4164 iulio
221 4105 412 4177 conquisitus
438 4104 474 4157 ad
498 4101 721 4159 instructionem
744 4103 835 4158 animi
864 4103 921 4171 sui,
937 4103 961 4159 si
1017 4054 1087 4164 gum
1105 4108 1305 4174 sollicitatum,
1322 4110 1354 4160 ut
1369 4121 1386 4160 a
1400 4104 1605 4160 communione
1622 4107 1732 4158 arceret
1753 4101 1840 4158 Atha-

131 4180 240 4235 modus
255 4173 416 4232 deliniendi
429 4174 656 4231 controversiam
672 4175 708 4230 ab
724 4173 731 4228 l
756 4191 788 4229 so
800 4174 962 4242 adhibitus,
1017 4180 1144 4235 assium.
1162 4179 1217 4233 Sed
1233 4194 1299 4233 cuni
1316 4177 1351 4230 ah
1367 4175 1497 4257 AEgpptis
1521 4175 1665 4246 episcopis
1679 4175 1715 4227 75
1739 4172 1841 4229 eodm

131 4251 194 4306 heic
210 4247 313 4305 omnia
326 4245 444 4302 abunde
458 4245 723 4316 docent,judicium
734 4191 804 4301 lulli
817 4245 964 4316 pontificis
1017 4255 1147 4320 tempore
1162 4247 1262 4303 littera
1279 4249 1525 4325 supervenissent,
1542 4260 1667 4369 quorum
1694 4243 1729 4323 dp
1751 4240 1841 4298 Atha.

131 4321 226 4377 tuisse
237 4321 441 4391 exspectatum
453 4315 521 4371 cxvi
532 4333 674 4389 suprema
686 4315 962 4381 illiusauctoritatis‚
1019 4321 1100 4376 nasio
1116 4318 1260 4376 scatentia
1277 4315 1423 4388 prioribus
1435 4314 1551 4370 Orienta
1566 4313 1626 4368 ium
1636 4312 1743 4367 litteris
1758 4327 1842 4382 repu-

1340 1455 1369 1495 ΙΝ
1389 1456 1511 1495 athenio.

131 4409 198 4465 quae
214 4390 286 4447 huic
304 4389 368 4445 sedi
393 4388 569 4443 demandata
594 4387 648 4441 fult
670 4405 687 4442 a
710 4385 825 4443 Christo
841 4385 963 4442 Domino
1019 4392 1136 4464 gnabat,
1154 4396 1293 4514 utrasque
1309 4384 1535 4442 communicavit
1549 4385 1624 4440 clerc
1634 4399 1687 4438 suc
1697 4381 1840 4447 Liberius,

132 4480 225 4535 supra
242 4461 413 4516 universam
428 4457 598 4514 Ecclesiam.
611 4457 966 4514 Tribunaliesuntrevcra
980 4445 1005 4512 ll
1020 4463 1093 4520 acin
1117 4462 1226 4534 synodo
1261 4459 1305 4532 egi
1330 4455 1520 4530 praecepitei
1540 4453 1739 4534 AEgyptiorum
1760 4451 1842 4534 testi-

129 4533 207 4607 asyli
232 4537 263 4588 οἱ
286 4531 351 4587 ¹0⁰8
374 4528 490 4602 refugii,
507 4545 564 4601 quo
586 4547 616 4585 80
640 4529 791 4602 recipiant,
806 4533 835 4586 el
861 4534 963 4586 eontra
1018 4533 1116 4590 monio
1132 4529 1462 4605 parmotuainsinuavit
1477 4527 1565 4582 etiam
1581 4527 1678 4598 episco
1701 4541 1726 4580 is
1742 4522 1841 4579 ltalis:

129 4604 345 4678 oppressiones
360 4602 584 4674 praepotentium
602 4617 686 4726 opem
708 4600 865 4672 implorent
887 4600 965 4657 debi·
1019 4605 1118 4662 Contra
1131 4604 1255 4660 diuinam
1270 4603 1356 4670 tepem
1371 4602 1459 4655 visam
1472 4600 1555 4668 fuisse
1569 4614 1631 4652 rum
1654 4669 1658 4678 Ι
1686 4596 1844 4677 paptioraai

130 4677 226 4732 lieres
240 4679 271 4729 et
286 4674 397 4743 injuste
412 4671 517 4727 vexati.
534 4672 563 4728 S.
579 4674 616 4727 At
638 4671 768 4736 anesius,
784 4672 906 4744 ejusque
921 4689 965 4727 so·
1017 4692 1149 4732 cameras
1162 4691 1212 4747 pro
1228 4671 1379 4728 Athanasio
1395 4670 1483 4741 major
1494 4671 1631 4734 calcaret,
1648 4684 1678 4722 tii
1695 4673 1775 4738 parte
1788 4666 1843 4721 nti-

129 4748 167 4804 cii
185 4744 425 4819 persecutionem
441 4743 477 4798 ab
494 4742 666 4798 liusebiaais
692 4742 770 4814 passi
794 4742 917 4798 Romam
933 4759 965 4798 se
1035 4765 1071 4803 ua
1087 4745 1166 4802 illius
1181 4741 1418 4800 criminatoribus
1433 4749 1565 4812 praestare
1578 4735 1841 4819 consensurampist.

130 4819 303 4882 conterunt,
320 4831 378 4872 non
395 4814 483 4869 modo
495 4819 528 4869 ut
542 4813 643 4868 tutiori
658 4814 722 4868 loco
738 4814 854 4886 degent,
867 4818 895 4868 ct
919 4814 964 4869 tu·
1019 4765 1124 4874 {iberii
1141 4833 1220 4888 papie
1237 4814 1473 4870 attendentium
1489 4810 1666 4882 Ananiam).
1679 4810 1714 4864 Et
1728 4806 1844 4862 inhanc

130 4889 193 4945 rori
212 4887 345 4943 hostium
359 4901 391 4941 sc
407 4884 593 4950 subtrahant,
609 4888 659 4940 sed
685 4885 773 4939 etiam
798 4889 832 4939 ut
850 4885 964 4956 jurium
1019 4887 1193 4946 sententiam
1211 4883 1371 4958 respondit.
1741 4946 1747 4958 ‚

129 4975 262 5016 suorum
277 4957 439 5030 legitimam
456 4955 855 5026 attributionemnsupremo
866 4954 966 5026 judice
1056 4951 1683 5028 Praviditjamtum,exArianorumastu,
1720 4945 1842 5026 uiappd
1888 4967 1891 4974 ·

130 5035 368 5101 consequantur.
385 5028 427 5082 Ad
443 5025 638 5082 hoctribunal
655 5031 811 5098 provocant
825 5043 883 5082 una
899 5043 965 5082 cum
1020 5030 1225 5102 imperatorem
1241 5027 1334 5099 gratia
1347 5023 1505 5097 pollebant,
1521 5021 1690 5104 impendere
1728 5015 1843 5100 ⁴cclesias

131 5103 204 5158 aliis
220 5099 421 5156 Orientalibus
436 5115 495 5153 noii
525 5103 558 5153 ut
581 5098 705 5170 gretiam
730 5097 898 5169 impetrent,
915 5097 966 5153 sed
1020 5101 1190 5157 horribilem
1207 5097 1376 5170 procellam.
1393 5096 1422 5151 lii
1440 5093 1591 5150 orthodoxi
1606 5093 1752 5172 dogmatis
1776 5103 1843 5168 ron-

129 5171 286 5244 justitiam
302 5176 335 5226 ut
350 5170 646 5242 reportentadversus
660 5168 968 5241 perturbabantur-is
1022 5173 1129 5228 stantia
1142 5170 1307 5243 perstiterat
1315 5171 1343 5222 et
1358 5166 1506 5238 perstabat
1519 5165 1613 5220 adbuc
1624 5162 1766 5242 Occideris
1776 5175 1845 5214 uni-

133 5245 243 5298 ordine
258 5247 368 5306 secuto,
385 5244 441 5296 etc.
458 5240 590 5312 Denique
604 5241 727 5312 ipsemet
750 5241 765 5296 J
770 5239 848 5296 ulius
870 5244 968 5313 aperte
1021 5259 1133 5308 versus,
1148 5239 1300 5314 vigilantia
1314 5239 1513 5294 Romanorum
1528 5234 1701 5307 pontificum
1721 5239 1762 5286 ita
1776 5247 1846 5302 pra·

135 5315 280 5380 declarat,
294 5313 345 5384 jus
361 5312 564 5368 controversia
588 5311 667 5367 illius
692 5312 863 5367 delinienda
879 5312 914 5366 ad
938 5327 968 5366 se
1023 5317 1154 5371 servante
1169 5331 1184 5368 e
1199 5311 1331 5394 proxima
1346 5307 1482 5375 statione,
1498 5307 1559 5387 imo
1579 5323 1613 5360 cii
1639 5308 1749 5370 centro,
1766 5299 1845 5383 quod

174 5385 301 5452 rtinere3
319 5400 412 5456 neque
429 5384 494 5455 ipso
516 5383 681 5439 inconsulto
707 5381 857 5455 quidpiam
883 5399 969 5454 posse
1023 5385 1166 5451 obtinent,
1183 5379 1407 5452 circumpositas
1432 5379 1595 5450 provincias
1619 5392 1635 5431 a
1660 5377 1847 5454 corruptione

136 5403 968 5529 ffffltimedefiniri.aAnignoratishancconsuetudinem
1023 5456 1083 5522 illa,
1117 5473 1159 5511 ua
1183 5454 1329 5510 Orientem
1356 5451 1495 5505 iniecerat
1519 5451 1620 5530 utpote
1648 5448 1846 5525 remotiorem.

136 5525 401 5599 0³⁵8‚1llp1·imum
418 5526 505 5581 nobis
520 5525 675 5596 scribatur,
687 5530 719 5580 ut
734 5525 803 5580 hinc
825 5525 902 5596 quod
918 5527 968 5596 ju·
1022 5475 1183 5583 nesciebat
1198 5525 1285 5580 etiam
1302 5523 1410 5579 tuendo
1425 5519 1572 5577 Occidenti
1589 5537 1605 5573 a
1624 5519 1710 5598 corita
1741 5528 1795 5568 one
1811 5510 1846 5566 il·

137 5603 224 5652 stum
235 5602 278 5653 est
293 5597 408 5653 deliniri
424 5596 543 5668 posset‘l
558 5598 738 5668 Quapropter
752 5595 854 5651 siistic
865 5594 969 5668 hujus·
1023 5599 1081 5654 lias
1092 5597 1182 5670 pestis
1195 5595 1294 5667 religio
1308 5593 1474 5666 principum
1485 5591 1658 5647 Constantiti
1671 5591 1700 5642 et
1728 5587 1848 5666 opstan-

136 5667 228 5724 modi
254 5669 382 5742 suspicio
406 5670 435 5723 iii
461 5668 631 5740 episcopum
657 5670 794 5738 concepta
820 5667 923 5732 luerat,
940 5666 970 5722 id
1024 5669 1216 5752 tii,quihanc
1233 5665 1346 5738 imperii
1364 5668 1475 5737 partein
1500 5663 1529 5742 ἰιι
1554 5661 1681 5714 fraterna
1705 5656 1869 5710 divisione·

135 5741 202 5798 bac
226 5741 261 5796 ad
270 5745 398 5798 nostiam
409 5737 571 5796 Ecclesiam
582 5739 682 5795 reterri
691 5737 848 5811 oportuit.»
858 5738 970 5796 ibidem
1024 5741 1130 5806 sortiti,
1146 5738 1267 5795 Nicaeum
1284 5736 1361 5805 fidei,
1378 5736 1424 5790 cui
1439 5735 1562 5788 firmiter
1586 5726 1781 5787 adherebant,
1798 5737 1844 5774 as·
