4040 6170
129 205 211 274 1111
422 267 425 276 .
557 207 742 278 61616111
761 207 817 276 nu,
835 207 936 272 vrrrs
958 207 1053 272 1611.
1074 208 1192 272 rear.
1208 209 1336 272 -sso
1357 207 1409 271 111.
1756 207 1834 274 1116

235 339 314 399 A„
328 340 391 400 lmo
402 343 431 398 et
443 337 475 396 in
490 339 630 398 eccclesia
643 339 739 398 sancti
753 339 877 414 cyriaci,
892 341 987 414 posita
1000 340 1047 396 via
1061 339 1198 410 Ostiensi,
1216 341 1283 398 fecit
1296 341 1388 400 velac
1403 340 1586 418 quadrapulo
1606 355 1728 402 numero
1747 345 1835 418 quin·

203 453 260 510 que
275 434 416 494 habentia
427 436 580 493 historiam
595 435 752 494 salvatoris
767 437 897 494 vocantis
911 436 1071 511 discipulos
1083 437 1119 494 de
1134 438 1210 493 navi.
1227 439 1262 493 llt
1276 454 1365 511 super
1380 444 1515 496 sanctum
1530 437 1622 496 altare
1643 439 1736 512 ipsius
1758 458 1835 498 mar·

202 533 275 608 tyris
289 533 388 608 posuit
401 537 511 591 vestem
527 534 563 590 de
579 533 709 591 fundato.
726 532 790 608 lpse
805 539 904 591 autem
928 552 945 590 a
968 535 1026 592 Deo
1051 537 1197 608 protectus
1220 539 1250 590 ct
1272 534 1429 608 praelarus
1443 537 1572 609 pontifex
1587 536 1654 594 fecit
1667 536 1698 595 in
1714 536 1837 595 basilica

202 635 310 688 sancta
324 630 375 688 llei
391 629 546 687 Genitricis
560 647 734 704 semperque
747 631 876 705 Virginis
900 631 996 688 Marica
1021 630 1144 689 domina
1170 635 1276 688 nostre
1290 631 1326 688 ad
1344 622 1473 706 Prssepc
1487 649 1610 692 coronas
1629 638 1792 708 argenteas,
1809 639 1837 691 ct

163 726 184 782 5
202 725 357 801 delphinos
373 741 443 783 suos
456 724 621 794 duodecim,
638 743 702 800 qua
718 744 840 802 pensan.
857 725 947 784 libras
971 731 1088 783 centum
1112 726 1186 784 duas
1201 731 1229 784 et
1245 727 1347 784 uncias
1369 743 1483 784 novem.
1501 728 1556 786 Sed
1571 733 1600 784 et
1614 729 1706 801 phara
1720 732 1839 790 cantha-

202 839 236 879 ra
249 825 387 897 argentea
401 838 469 878 cum
483 820 630 895 delphinis
645 823 708 880 suis
722 823 762 881 ibi
778 825 847 880 fecit
862 840 984 882 numero
1000 828 1122 897 septem,
1139 842 1261 898 pensan.
1282 824 1372 881 libras
1395 825 1564 899 octuaginta
1586 825 1716 900 quinque
1743 832 1772 885 et
1795 845 1839 888 ae-

201 919 268 977 mis.
287 920 383 978 ladem
398 934 465 976 vcro
478 918 669 978 beatissimus
692 921 798 994 presul
821 921 889 979 fecit
908 921 939 978 in
964 921 1086 978 basilice
1108 923 1184 979 beati
1209 922 1284 979 Petri
1308 921 1432 995 apostoli
1446 921 1598 980 nutritoris
1611 924 1656 980 sui
1672 928 1740 982 ante
1758 941 1839 997 pres·

201 1015 347 1094 hyterium
362 1016 487 1090 pharum
507 1015 664 1094 volubilem
690 1035 724 1075 ex
749 1023 869 1094 argento
891 1018 1061 1093 purissimo,
1086 1035 1154 1076 cum
1179 1019 1294 1076 coronis
1319 1024 1347 1075 61
1370 1018 1519 1088 crucibus,
1544 1037 1626 1094 pens.
1653 1019 1725 1078 inibi
1748 1020 1839 1078 libras

133 1105 138 1116 ¹
201 1112 469 1191 trigintaquinque
484 1117 513 1170 et
528 1114 630 1172 uncias
645 1133 705 1174 sex.
720 1116 919 1174 verumetiam
944 1117 973 1173 id
998 1117 1097 1189 ipsum
1112 1117 1260 1174 deorsum.
1281 1115 1331 1174 ubi
1355 1116 1589 1176 sacratissimum
1616 1135 1722 1194 corpus
1746 1117 1840 1191 ipsius

146 1214 186 1271 10
203 1211 345 1288 principis
368 1210 569 1284 apostolorum
592 1213 758 1284 requiescit,
775 1214 923 1272 renovavit
941 1213 1101 1288 imaginem
1125 1226 1255 1282 auream,
1280 1214 1436 1270 habentem
1460 1214 1574 1271 vultum
1601 1215 1759 1272 Salvatcris
1784 1217 1840 1274 Do-

203 1309 276 1368 mini
291 1307 383 1366 nostri
398 1307 468 1364 Jcsu
484 1307 601 1379 Christi,
617 1326 650 1366 ac
666 1315 772 1368 sancta
790 1312 838 1368 Dei
855 1310 1011 1368 Genitricis
1031 1309 1127 1367 11161161
1143 1311 1267 1368 dominc
1290 1315 1406 1380 nostroe,
1422 1317 1451 1367 et
1464 1311 1617 1369 beatorum
1640 1313 1840 1386 apostolorum

205 1405 280 1465 Petri
295 1410 324 1463 61
338 1403 431 1475 Pauli,
448 1410 535 1478 atqua
549 1407 681 1476 Andree,
698 1425 810 1466 necnon
826 1413 855 1466 et
869 1410 958 1467 beate
976 1406 1135 1466 Petronilles
1150 1407 1297 1481 martyris,
1314 1408 1364 1464 ubi
1380 1413 1409 1465 et
1424 1407 1537 1466 addidit
1548 1409 1611 1466 euri
1627 1409 1717 1468 obrizi
1732 1409 1836 1469 libr.2l

204 1509 233 1563 ct
247 1505 360 1562 uncias.

239 1606 316 1664 m
332 1608 393 1666 lmu
405 1624 473 1666 acro
489 1607 540 1666 ubi
556 1623 646 1680 supra
659 1609 727 1662 ante
742 1607 878 1662 sanctum
892 1604 1038 1662 Andrcam
1054 1602 1200 1660 investivit
1214 1601 1305 1660 altare
1319 1603 1396 1661 beati
1411 1602 1527 1660 Martini
1543 1603 1718 1664 confessoris
1731 1603 1839 1662 Christi

202 1715 238 1758 ox
251 1708 372 1776 argento
384 1705 544 1780 purissimo
559 1706 710 1774 deaurato,
726 1719 760 1759 cx
779 1702 1010 1774 transmissam)
1025 1702 1174 1774 quondam
1190 1700 1336 1774 Fridigfsii
1350 1701 1476 1768 abbatis,
1493 1701 1570 1774 quod
1581 1719 1704 1775 pensan.
1720 1702 1841 1776 indique

204 1797 294 1858 libras
310 1803 344 1858 17
358 1807 387 1860 61
401 1803 500 1860 semis.
518 1803 597 1862 Fecit
610 1805 709 1860 autem
723 1805 752 1858 et
767 1800 797 1857 in
812 1799 934 1856 basilica
948 1799 1025 1856 beati
1050 1798 1131 1856 Pauli
1157 1798 1281 1873 apostoli
1306 1799 1432 1856 doctoris
1457 1797 1560 1856 muudi
1582 1798 1712 1874 gentium
1732 1800 1839 1875 phara·

205 1897 347 1956 canthara
361 1915 397 1958 ex
410 1905 531 1975 argento
544 1899 714 1976 purissimo,
730 1915 798 1957 cum
812 1897 960 1970 delphinis
976 1895 1038 1955 suis
1053 1913 1175 1954 numero
1190 1897 1330 1973 quinque,
1341 1913 1423 1970 pens.
1440 1895 1531 1955 libras
1550 1897 1702 1972 sexaginta
1726 1904 1840 1973 septem

204 1995 499 2072 etunciasquctuor.
1637 2018 1640 2026 ·

241 2093 319 2151 m
333 2093 385 2152 Hic
400 2113 417 2152 a
435 2095 494 2153 Deo
518 2094 681 2169 inspiratus
702 2091 875 2154 venerabilis
895 2095 923 2150 el
947 2091 1104 2166 preclarus
1129 2091 1270 2166 pontifex,
1295 2091 1478 2165 conspiciens
1506 2091 1660 2152 ecclesiam
1688 2097 1841 2152 hestorum

205 2193 367 2264 martyrum
383 2192 467 2250 Nerei
481 2197 510 2250 et
524 2190 652 2250 Achillei
667 2209 726 2266 prae
740 2191 832 2248 nimia
842 2191 906 2264 jam
920 2195 1067 2248 vetustata
1088 2191 1221 2260 deficere,
1247 2195 1335 2263 atque
1356 2207 1501 2263 aquarum
1523 2190 1700 2248 inundantia
1724 2192 1840 2266 repleri,

201 2287 287 2360 juxte
301 2288 433 2346 eamdem
450 2291 601 2348 ecclesiam
617 2291 759 2347 novitera
778 2289 977 2346 fundamentis
1001 2289 1030 2346 16
1047 2288 1110 2345 1666
1135 2289 1285 2362 superiore
1309 2287 1461 2344 ecclesiam
1486 2288 1649 2344 construxit
1672 2289 1752 2346 mirre
1778 2307 1842 2348 ma-

202 2384 368 2459 gnitudinis
382 2391 411 2444 et
425 2387 654 2462 pulchritudinis
669 2388 851 2455 decoratum;
868 2387 898 2442 in
912 2404 971 2459 qua
985 2386 1075 2442 ctiam
1099 2387 1160 2442 bae
1185 2385 1291 2443 obtulit
1306 2387 1383 2442 dona
1400 2386 1561 2443 :canistros
1586 2403 1621 2444 61
1639 2391 1760 2460 argento
1780 2404 1838 2445 nu-

166 2483 285 2540 5mero
300 2501 359 2542 sex.
377 2501 498 2557 pensan.
524 2485 613 2543 simul
637 2485 728 2542 libras
752 2484 937 2558 quindecim,
963 2483 1106 2540 ciborium
1128 2501 1164 2540 ex
1184 2488 1304 2558 argento
1328 2482 1498 2558 purissimo,
1521 2499 1643 2556 pensan.
1668 2482 1759 2542 libras
1786 2486 1841 2542 du·

206 2583 308 2638 centes
335 2585 364 2638 et
391 2581 578 2655 quindecim
607 2581 726 2640 culicem
757 2585 787 2639 et
813 2585 951 2656 patenum
988 2597 1022 2638 ex
1055 2585 1175 2655 argento
1203 2579 1363 2653 purissimo
1395 2579 1562 2649 deauratos,
1597 2596 1718 2653 pensan.
1750 2579 1842 2638 libras

204 2677 361 2737 duodecim
375 2683 404 2736 et
419 2679 522 2738 uncias
542 2680 662 2750 decem;
685 2695 809 2754 regnum
833 2696 921 2752 super
944 2677 1035 2734 altare
1059 2695 1094 2735 ex
1120 2695 1191 2736 auro
1214 2677 1384 2752 purissimo,
1400 2675 1522 2734 diversis
1545 2681 1683 2734 ornatum
1705 2675 1841 2750 pretiosis

204 2771 363 2848 lapidibus,
380 2791 462 2847 pens.
479 2774 569 2833 libras
584 2776 659 2832 duae
674 2779 704 2832 et
718 2775 821 2832 uncias
835 2790 900 2844 sex;
916 2778 1012 2832 vestes
1036 2773 1121 2840 duas,
1134 2791 1169 2830 ex
1194 2773 1302 2846 quibus
1327 2789 1416 2829 unam
1441 2770 1538 2829 albam
1562 2771 1765 2841 holosericam,
1787 2771 1839 2829 ba·

205 2869 322 2927 beatem
337 2869 475 2930 historias
490 2871 648 2930 [lominica
663 2872 824 2930 nativitatis
839 2889 891 2929 seu
907 2871 1151 2944 Resurrectionis,
1161 2869 1347 2928 ascensionis
1364 2874 1451 2944 atquc
1467 2871 1796 2937 Pentecostcs,ornatam
1809 2861 1841 2926 in

151 2966 188 3024 10
204 2967 329 3025 circuitu
343 2969 380 3026 dc
395 2969 593 3044 chrysoclavo,
619 2975 648 3028 st
671 2969 759 3028 aliam
784 2971 821 3026 de
847 2969 932 3044 tyrio.
948 2970 1030 3025 idem
1050 2985 1118 3026 vero
1143 2968 1211 3025 fecit
1234 2969 1264 3025 in
1290 2966 1412 3024 basilica
1435 2967 1526 3024 beatu
1551 2967 1601 3024 Dei
1626 2966 1781 3024 Genitricis
1800 2965 1836 3024 ad

208 3066 337 3141 Prusepc
358 3084 481 3142 regnum
506 3085 540 3127 ex
564 3086 634 3126 auro
659 3067 819 3144 purissimo
849 3067 1051 3144 Sponoclysto,
1078 3066 1200 3123 diversis
1224 3066 1255 3121 in
1279 3063 1403 3122 circuitu
1432 3065 1468 3121 de
1491 3063 1677 3140 chrysoclavo
1706 3063 1842 3138 pretiosis

206 3168 344 3226 ornatum
367 3163 525 3240 lapidibus,
542 3185 610 3242 pen.
632 3166 723 3224 libras
748 3170 874 3241 quatuor
897 3170 927 3222 ct
950 3165 1052 3222 uncias
1079 3168 1201 3238 septem.
1226 3162 1303 3220 fecit
1324 3180 1390 3220 vero
1414 3162 1643 3221 communicales
1666 3180 1700 3220 ex
1723 3165 1843 3236 argento

208 3261 433 3337 purissimopcr
447 3263 579 3338 singulas
593 3264 736 3338 regiones,
754 3263 804 3338 qui
827 3263 1024 3337 precederent
1048 3280 1099 3336 per
1123 3262 1265 3318 stationes
1289 3277 1341 3334 per
1364 3275 1470 3318 manus
1497 3259 1697 3334 acolythorum
1720 3273 1842 3318 numero

206 3358 310 3433 viginti
326 3364 462 3435 quatuor,
477 3378 601 3435 pensan.
618 3361 706 3418 simul
721 3359 846 3418 libras...
863 3360 927 3418 Pari
942 3361 1028 3418 modo
1041 3365 1071 3416 et
1084 3359 1115 3415 in
1130 3358 1252 3416 basilica
1265 3357 1343 3415 beati
1357 3357 1431 3415 Petri
1448 3357 1571 3431 apostoli
1596 3357 1720 3414 fautoris
1735 3356 1780 3413 sul
1795 3372 1840 3413 re·

152 3456 188 3514 15
205 3473 298 3532 guum
319 3475 355 3516 ex
376 3475 447 3516 auro
470 3459 640 3533 purissimo,
656 3457 779 3516 diversis
801 3457 936 3531 pretiosis
951 3462 1087 3515 ornatum
1111 3456 1271 3534 lapidibus,
1296 3473 1379 3529 pens.
1405 3455 1495 3513 libras
1519 3459 1641 3529 septem.
1658 3454 1738 3512 Fecit
1750 3454 1837 3512 611661

205 3553 235 3611 lu
250 3553 385 3614 diaconia
399 3561 569 3614 sanctorum
584 3554 667 3614 Nerei
681 3561 710 3613 st
725 3555 850 3612 Achillei
866 3554 929 3612 vela
942 3555 1110 3628 promiscua
1124 3553 1285 3612 holoserica
1301 3568 1422 3609 numero
1427 3594 1535 3610 .....

243 3653 320 3711 m
345 3653 429 3712 Serta
454 3657 532 3712 tecta
554 3654 631 3714 beati
659 3654 774 3728 Agapiti
803 3653 951 3729 martyris,
972 3653 1030 3711 sita
1049 3653 1134 3725 juxta
1156 3651 1308 3710 basilicam
1332 3651 1410 3709 beati
1435 3649 1583 3708 Laurentii
1606 3649 1744 3724 martyris
1770 3663 1844 3708 toris

208 3766 338 3820 murum,
354 3749 503 3825 quiajam
526 3769 585 3825 prs
609 3751 702 3809 nimia
724 3756 869 3810 vetustate
892 3755 1106 3821 emarcuerant,
1132 3750 1244 3807 noviter
1268 3749 1453 3808 restauravit.
1477 3753 1630 3806 imovero
1653 3751 1682 3805 et
1704 3749 1736 3803 ln
1759 3746 1846 3804 titulo

206 3847 297 3906 1166116
311 3847 500 3907 pudentiana
524 3848 592 3907 feeit
615 3851 726 3907 vestem
750 3848 848 3906 albam
873 3848 1076 3916 holosericam,
1092 3851 1226 3905 ornatam
1242 3847 1272 3902 in
1288 3846 1413 3904 circuitu
1429 3847 1465 3903 de
1480 3845 1563 3921 tyrio.
1578 3846 1632 3912 Qui
1655 3845 1847 3902 beatissimus

207 3945 337 4018 pontifex
357 3950 515 4020 postquam
541 3947 641 4004 sedem
665 3945 1079 4020 Romanemctapostclicum
1102 3943 1331 4017 annosviginti,
1357 3960 1474 4001 menses
1497 3943 1639 4017 quinque,
1669 3945 1698 3997 et
1724 3941 1787 3998 dies
1812 3941 1846 3996 16

171 4043 188 4100 5
207 4041 418 4117 gloriosissime
433 4043 516 4113 rexit,
532 4060 567 4101 ex
579 4043 635 4100 hac
650 4043 714 4101 luco
729 4044 899 4102 subtractus
914 4043 951 4101 ad
966 4048 1103 4100 salernam
1119 4041 1254 4115 migravit
1268 4040 1409 4114 requiem.
1427 4039 1505 4098 fecit
1523 4044 1621 4098 autem
1645 4037 1846 4095 ordinationes

207 4143 267 4198 tres
281 4157 333 4214 per
344 4157 476 4198 mensam
492 4141 642 4211 Martium,
655 4142 841 4217 presbyteros
856 4141 987 4216 triginta,
1003 4141 1141 4198 diaconos
1164 4139 1312 4208 undecim,
1329 4137 1481 4212 episcopos
1505 4155 1557 4211 per
1579 4136 1695 4192 diversa
1713 4133 1776 4192 loce
1790 4151 1845 4191 nu·

208 4253 290 4296 mero
304 4242 423 4296 centum
438 4255 488 4295 sex
501 4243 531 4295 et
543 4238 647 4312 viginti
661 4240 711 4312 (b).
728 4239 868 4314 Sepultus
881 4256 948 4298 vero
963 4241 1008 4296 est
1022 4239 1052 4294 16
1067 4236 1191 4295 basilica
1203 4236 1280 4293 Petri
1297 4234 1420 4310 apostoli
1445 4234 1539 4309 pridie
1563 4234 1631 4290 ldus
1654 4233 1724 4288 lun.
1740 4231 1844 4288 indict.

208 4350 297 4403 nona,
312 4339 342 4393 et
354 4335 479 4394 cessarit
492 4335 679 4411 episcopatus
694 4335 756 4393 dics
770 4339 816 4394 10.

727 4460 854 4510 neruus
875 4459 1066 4510 uenerantes
1087 4459 1244 4506 1111116111.

171 4545 211 4620 (a)
224 4547 257 4617 B,
272 4562 308 4604 ex
322 4551 400 4606 terra
414 4549 575 4623 quondam.
612 4548 651 4624 (i)
664 4549 698 4621 11,
712 4551 758 4606 26.

706 4692 709 4702 ,
814 4640 936 4699 VARIAE
954 4638 1164 4700 Lucrionem.

282 4723 360 4797 Apud
371 4725 681 4784 Fabouameecodiec
694 4725 815 4784 freheri
977 4729 1005 4798 ,1,
1053 4726 1201 4793 11661365,
1219 4724 1260 4782 tin
1274 4727 1301 4792 2,
1318 4739 1371 4797 per
1385 4722 1504 4780 olitana.
1742 4789 1747 4802 ¹

1053 4798 1126 4854 Num
1139 4797 1202 4863 366,
1218 4797 1259 4852 fin
1274 4797 1301 4862 1,
1317 4789 1844 4867 1616611167,6136616666116166.

170 4864 246 4920 Num
259 4861 323 4932 358,
338 4865 424 4935 11111,
439 4865 596 4939 Atzuppio,
611 4864 655 4923 lin
669 4868 714 4932 12,
730 4865 791 4924 dies
801 4869 848 4924 20.
1052 4869 1123 4926 Nam
1136 4869 1200 4939 367,
1214 4867 1255 4922 lin
1271 4867 1298 4932 1,
1315 4883 1383 4924 cum
1396 4865 1527 4922 basibus.

170 4937 245 4992 Num
257 4935 321 5001 359,
340 4935 384 4992 ltu
398 4937 425 5004 i,
441 4935 586 5010 quidquid
599 4935 643 4992 illi
658 4938 796 5011 erogavit.
813 4939 961 5008 1169116-
1052 4946 1127 4999 Num
1141 4940 1204 4996 373.
1221 4937 1263 4994 lin
1277 4937 1305 5005 1,
1320 4938 1413 4994 lesse.
1429 4938 1470 4992 tin
1483 4938 1511 5008 5,
1528 4932 1688 4994 Germanic.

133 5002 258 5062 uevolua
268 5003 350 5062 116611.
359 5005 404 5063 lin
413 5007 458 5076 12,
466 5007 696 5082 rogatusaclero
704 5025 758 5066 suo
768 5011 958 5084 presbyteria.
1052 5017 1126 5070 Num
1140 5011 1203 5076 371,
1219 5009 1259 5064 tin
1274 5010 1304 5076 7,
1319 5007 1505 5066 delimarent.

170 5077 246 5132 Nam
260 5076 323 5146 360,
341 5075 387 5134 lic
400 5081 427 5144 2,
443 5077 724 5151 quadriporticibus.
1052 5088 1128 5141 Num
1142 5081 1204 5148 376,
1222 5080 1263 5136 lic
1277 5081 1305 5145 7,
1322 5077 1478 5152 imperium
1494 5077 1705 5135 Romanorum.

170 5149 247 5202 Num
260 5147 324 5214 361,
341 5146 427 5214 11118,
443 5165 591 5206 eameram
605 5153 634 5206 et
649 5149 877 5222 quadriportica.
1054 5158 1130 5212 ltutn
1145 5153 1207 5220 378,
1224 5151 1267 5206 lin
1281 5153 1309 5217 2,
1341 5149 1485 5208 recedere.

170 5217 321 5284 1111111362,
344 5216 388 5274 lin
409 5223 436 5288 2,
459 5221 622 5289 llontuuna,
650 5237 713 5292 qus
736 5237 789 5293 per
812 5221 965 5280 elimitans
1052 5227 1125 5280 Num
1138 5223 1200 5287 380,
1216 5222 1258 5276 tin
1272 5221 1300 5288 1,
1316 5168 1484 5276 8111166661.

133 5293 325 5346 marcuerant
339 5293 399 5346 tem
421 5307 483 5346 ora.
499 5292 543 5348 lin
557 5293 584 5358 8,
601 5289 748 5348 blacchia.
759 5291 801 5348 lib
815 5292 964 5360 9,trin.la'n
1053 5299 1127 5352 Num
1140 5295 1204 5360 381,
1221 5293 1262 5348 lin
1275 5293 1303 5359 5,
1316 5291 1455 5366 Gypsino.

137 5363 181 5427 12,
198 5356 379 5418 Velitbinon.
398 5307 795 5436 1161361116361616611166.
1053 5366 1206 5430 11661332,
1224 5364 1265 5418 lin
1279 5365 1307 5428 7,
1324 5380 1359 5420 ex
1394 5362 1636 5445 uibusuquinque.

171 5433 246 5489 Num
260 5431 325 5499 363,
338 5430 382 5488 lic
395 5432 423 5502 6,
434 5431 611 5508 figurantem
623 5431 751 5490 m.m.in
767 5433 857 5491 natali
868 5439 961 5509 apost.
1053 5436 1124 5492 Num
1139 5436 1201 5500 383,
1221 5433 1265 5490 tin
1282 5437 1315 5490 10
1329 5380 1418 5504 6111,
1437 5451 1530 5516 regias
1545 5449 1575 5487 m
1607 5443 1681 5485 ores.

134 5519 164 5560 -s
204 5500 354 5558 ndentem.
1052 5507 1125 5562 Num
1139 5508 1201 5572 385,
1217 5505 1260 5561 lic
1273 5506 1300 5572 6,
1317 5523 1386 5562 cum
1401 5447 1629 5582 poenitendis
1651 5499 1677 5565 8,
1713 5495 1743 5552 in
1759 5494 1842 5570 Cyro.

197 5587 245 5628 um
260 5573 323 5641 301,
349 5571 395 5629 lic
419 5572 447 5639 9,
472 5573 547 5630 Petri
571 5573 695 5648 apostoli
720 5573 784 5632 vela
808 5575 874 5632 alba
897 5577 964 5634 Pas·
1052 5578 1124 5634 fiam
1138 5577 1201 5640 390,
1217 5578 1301 5644 11118,
1317 5579 1486 5650 exurgente
1501 5585 1669 5646 purissimo.

136 5639 258 5771 planella&
259 5647 294 5772 1et
307 5643 338 5701 in
353 5643 449 5703 natale
465 5645 598 5717 eiusdem
619 5644 671 5704 Dei
694 5645 819 5720 apostoli
842 5647 907 5706 vela
928 5651 965 5708 de
1018 5654 1128 5780 gfff
1151 5648 1214 5718 393,
1238 5648 1281 5704 lin
1304 5647 1330 5716 1,
1355 5647 1387 5703 16
1410 5649 1492 5719 perte
1514 5641 1653 5698 virorum.
1667 5638 1707 5696 iic
1729 5639 1757 5709 5,
1782 5636 1843 5695 vol-
