4040 6170
81 192 167 254 1137
481 197 665 260 lllS'l'Olllt
689 201 740 262 att
761 201 863 264 virts
887 203 979 266 nott.
1005 203 1162 268 00111.-
1178 207 1210 270 S.
1234 208 1399 273 elatus.
1712 215 1791 276 1138

167 343 363 408 quemquam
391 347 448 412 per
475 328 600 412 iniquos
627 334 793 396 statollites
831 336 1002 400 tribulabat
1039 338 1069 400 in
1108 342 1252 422 proximo
1291 342 1343 425 (a),
1373 348 1479 406 tanren
1518 345 1635 426 pietate
1673 355 1790 423 motus,

168 435 393 498 consolationis
434 437 486 499 ille
528 440 684 502 inferebat
731 443 988 506 misericordiam.
1018 447 1086 520 llic,
1122 455 1157 510 nt
1196 450 1287 511 multi
1329 453 1433 512 testati
1474 458 1559 527 sunt,
1603 458 1695 516 nocte
1736 472 1793 536 per

127 543 373 623 bsernctipsum
404 545 499 606 cellas
527 565 706 626 pauperum
735 550 934 612 infirmorum
965 553 1205 634 perjacentium,
1236 557 1292 638 qui
1317 575 1355 618 ex
1378 559 1441 618 suis
1482 577 1682 640 nequaquam
1713 560 1793 622 vale-

86 723 87 726 *
165 649 244 710 bant
284 649 417 724 lectulis,
450 671 573 714 necnon
609 660 641 716 et
678 656 814 718 aliorum
857 658 989 739 inopum
1030 680 1100 728 curn
1141 663 1206 724 suis
1247 664 1454 726 familiaribus
1496 667 1597 728 noctis
1639 667 1792 730 circuibat

167 756 304 831 silentio,
334 758 527 837 amplissime
552 760 614 821 illis
644 762 826 825 ministrans
855 765 1038 828 alimoniam
1074 773 1169 848 atque
1205 770 1336 832 subsidii
1360 770 1499 832 inferens
1535 790 1638 852 opem.
1669 774 1731 836 Scd
1761 781 1792 836 et

166 862 308 925 carceres
337 870 433 944 atque
460 864 522 928 alia
550 867 689 930 claustra
717 889 773 950 per
802 871 913 934 eadem
942 874 1080 936 noctium
1110 882 1231 940 secreta
1260 877 1418 949 visitabat,
1449 882 1480 938 et
1507 877 1533 938 si
1566 897 1645 958 qnos
1673 880 1790 942 ibidem

168 969 374 1034 conveniebat
401 977 548 1046 retrusos,
582 993 600 1035 a
631 976 739 1038 mortis
768 995 876 1040 emens
906 980 1058 1059 periculo,
1088 981 1204 1044 liberos
1230 982 1275 1044 ire
1311 983 1485 1045 relaxabat.
1515 985 1577 1046 Sed
1619 989 1650 1046 et
1686 986 1791 1066 plures

104 1075 144 1136 10
167 1076 233 1156 qui,
263 1076 375 1140 debitis
403 1078 536 1160 obligati
561 1086 658 1162 atqua
687 1083 809 1157 afflicti,
837 1103 857 1146 a
882 1085 948 1164 suis
978 1087 1209 1152 feneratoribus
1246 1090 1519 1170 opprimebantur,
1562 1091 1684 1152 reddito
1722 1093 1790 1172 ipso

167 1183 284 1256 debito,
314 1183 437 1264 ajngo
466 1185 641 1249 redimebat
678 1189 796 1250 servitii
827 1207 834 1250 :
866 1191 967 1253 viduis
1005 1199 1037 1256 et
1075 1195 1204 1276 pupillis
1241 1197 1451 1278 omnibusque
1492 1198 1658 1277 egentibus
1696 1216 1790 1278 opem

167 1290 290 1365 ferens;
320 1290 509 1353 fortissimus
546 1293 628 1354 enirn
667 1301 736 1356 eret
773 1297 959 1360 orthodoxae
998 1299 1070 1362 fidei
1106 1301 1263 1364 defensor.
1295 1304 1383 1365 Unde
1423 1303 1536 1383 saepius
1570 1323 1642 1366 suos
1680 1304 1791 1366 missos

167 1414 237 1456 curn
267 1397 447 1477 apostolicis
475 1398 697 1462 obsecratoriis
722 1407 816 1482 atque
845 1403 1063 1467 admonitoriis
1102 1405 1214 1468 litteris
1246 1409 1385 1488 praefatis
1411 1409 1615 1478 Constantino
1638 1416 1668 1472 et
1695 1410 1792 1476 Leoni

165 1503 314 1583 Augustis
351 1505 466 1565 direxit
503 1525 560 1586 pro
595 1509 796 1569 restituendis
829 1511 1115 1594 confirmandisqoe
1153 1515 1184 1574 in
1227 1515 1393 1595 pristinum
1432 1517 1643 1577 venerationis
1674 1522 1789 1578 statum

105 1610 143 1669 15
168 1610 387 1671 sacratissimis
416 1611 606 1691 imaginibus
633 1614 764 1676 Domini·
787 1617 842 1677 Dei
868 1624 899 1679 et
927 1620 1099 1681 Salvatoris
1130 1621 1230 1681 nostri
1270 1623 1343 1684 lesu
1372 1622 1486 1682 Christi
1514 1629 1694 1703 sanctaque
1723 1622 1791 1703 ejus

169 1716 334 1778 Genitriuis
362 1723 457 1798 atque
485 1719 650 1782 beatorum
677 1723 890 1802 apostolorum
915 1727 1120 1807 omniumque
1144 1733 1325 1791 sanctorum
1357 1729 1597 1810 prophetarunt,
1615 1735 1789 1810 martyrum

169 1827 201 1884 et
228 1823 452 1886 confessorum.

212 1961 292 2020 810
314 1956 370 2018 Hic
400 1958 484 2020 enim
514 1958 713 2021 beatissimus
741 1961 881 2041 pontifex
910 1981 982 2024 curn
1011 1965 1158 2028 omnibus
1182 1965 1400 2046 spiritualibus
1429 1967 1493 2028 suis
1517 1967 1789 2048 studiismngnanr

168 2061 387 2123 sollicitudinis
414 2082 522 2126 curam
552 2084 627 2145 erga
654 2073 763 2128 saneta
791 2070 971 2130 cmmetnria
998 2071 1215 2134 indesinenter
1232 2073 1382 2153 ¹gerebat.
1406 2073 1496 2136 Unde
1532 2093 1664 2134 cernens
1692 2073 1791 2154 pluri-

174 2187 227 2230 ma
266 2172 451 2232 eorumdem
490 2178 671 2234 sanctorum
713 2176 967 2237 coerneteriorum
1006 2179 1075 2240 loca
1119 2180 1272 2260 neglecta,
1317 2198 1353 2240 nc
1395 2180 1549 2241 desideria
1595 2179 1793 2260 antiquitatis

172 2275 311 2337 maxima
339 2276 555 2354 demolitione,
585 2285 680 2362 atque
703 2280 771 2360 jam
801 2282 903 2342 vicina
929 2283 1027 2344 ruinas
1056 2285 1168 2364 posita,
1200 2287 1343 2365 protinus
1366 2287 1475 2348 eadem
1514 2292 1696 2347 sanctorum
1724 2303 1792 2346 eor·

128 2384 251 2464 5pora
272 2383 317 2452 vde
346 2383 421 2464 ipsis
449 2385 560 2446 dirutis
586 2386 717 2448 abstulit
748 2387 947 2450 caemeteriis.
977 2391 1052 2462 Onne
1081 2408 1151 2452 curn
1187 2391 1315 2472 hymnis
1352 2398 1383 2453 et
1413 2393 1542 2454 canticis
1571 2390 1787 2473 spiritualibus

170 2489 254 2550 infra
282 2491 365 2551 banc
393 2491 551 2553 civitatem
581 2495 755 2580 Romanam
785 2493 998 2570 introducens,
1029 2497 1093 2558 alia
1120 2516 1230 2558 eornm
1259 2517 1316 2578 per
1343 2499 1451 2560 titulos
1479 2518 1514 2559 ac
1543 2499 1704 2560 diaconias
1734 2516 1788 2558 seu

173 2597 362 2658 monasteria
390 2603 419 2659 at
449 2597 585 2679 reliquas
613 2601 759 2662 ecclesias
786 2619 857 2661 cnm
884 2602 1067 2664 condecenti
1096 2604 1216 2664 studuit
1240 2604 1367 2666 recondi
1397 2605 1527 2666 bonore.

214 2735 299 2790 88⁰
324 2731 381 2792 llic
409 2732 625 2794 sanctissimus
645 2735 760 2814 praesul
785 2735 817 2796 in
846 2753 903 2796 sua
931 2736 1059 2815 propria
1088 2737 1183 2797 domo
1221 2737 1444 2798 monasterium
1475 2755 1495 2797 a
1522 2735 1734 2798 fundamentis
1761 2736 1794 2796 in

173 2836 293 2926 bonore
321 2839 423 2898 sancti
451 2839 616 2919 Stephani,
647 2839 765 2902 scilicet
793 2841 940 2921 martyris
968 2847 1064 2921 atque
1092 2842 1260 2922 pontilicis,
1292 2862 1412 2904 necnon
1452 2848 1484 2904 ct
1522 2843 1602 2904 beati
1639 2840 1791 2914 Silvestri,

172 2943 244 3004 item
275 2944 431 3024 pontilicis
453 2949 483 3006 et
504 2946 691 3008 confessoris
712 2947 837 3020 Christi,
862 2947 1047 3022 construxit,
1074 2948 1126 3008 ubi
1150 2955 1182 3010 et
1212 2948 1375 3010 oraculum
1399 2949 1430 3010 in
1463 2949 1678 3030 superioribus
1706 2949 1791 3028 ejus·

172 3049 243 3110 dem
273 3051 456 3114 monasterii
486 3052 608 3113 moeniis
638 3052 806 3126 edificans,
841 3072 950 3114 eorum
983 3072 1117 3134 corpora
1151 3073 1268 3134 magna
1302 3073 1375 3117 curn
1407 3055 1608 3116 reiteratione
1640 3053 1792 3116 condidit.

129 3157 148 3216 5
172 3155 257 3216 intra
279 3157 416 3218 claustra
438 3175 512 3219 vero
533 3158 835 3240 ipsius.rnonasterii
865 3160 1028 3221 ecclesiam
1056 3161 1143 3221 mirae
1166 3161 1408 3241 pulchritudinis
1430 3180 1448 3222 a
1470 3161 1682 3222 fundamentis
1705 3159 1792 3220 nori·

173 3269 218 3324 ter
240 3264 426 3324 construxit.
451 3265 551 3337 Qurrm
581 3265 702 3326 musivo
725 3272 756 3326 et
778 3266 987 3327 marmoribus
1009 3266 1172 3340 decorans,
1197 3274 1230 3328 et
1250 3287 1375 3329 ornnem
1399 3268 1460 3328 illis
1489 3272 1635 3328 ornatum
1661 3267 1693 3327 in
1716 3284 1792 3327 auro

172 3374 366 3449 argentoque
388 3380 420 3431 et
441 3370 571 3433 dirersis
592 3371 757 3451 speciebus
778 3370 927 3449 largiens,
950 3371 1004 3433 sed
1026 3378 1057 3433 et
1078 3372 1232 3433 ciborium
1263 3373 1379 3434 ibidem
1409 3393 1447 3434 ex
1478 3379 1608 3452 argento
1640 3373 1792 3433 librarum

171 3477 257 3550 fecit,
279 3476 407 3556 illicque
441 3478 721 3540 innumerabilium
752 3483 933 3539 sanctornm
963 3496 1107 3560 corpora,
1131 3499 1202 3560 quae
1235 3479 1272 3540 de
1306 3480 1444 3560 praefatis
1474 3479 1631 3542 demolitis
1665 3478 1795 3540 abstulit

173 3583 371 3656 coemeteriis,
396 3585 535 3644 maximo
558 3583 771 3645 venerationis
792 3585 934 3646 condidit
955 3586 1080 3647 affectu.
1104 3589 1139 3648 ln
1161 3587 1272 3648 eodem
1295 3588 1412 3666 quippe
1439 3585 1629 3647 monasterio
1659 3585 1796 3668 plurima

111 3693 152 3752 10
172 3690 307 3752 contulit
328 3690 447 3770 praedia
469 3696 501 3751 et
521 3692 734 3770 possessiones
756 3709 793 3752 ac
815 3693 883 3752 loca
906 3692 1027 3752 orbana
1058 3691 1108 3754 vel
1131 3693 1257 3765 rustica,
1284 3693 1443 3772 superfluo
1473 3699 1568 3772 atque
1594 3691 1796 3754 abundanter

173 3797 278 3858 ditans
299 3816 377 3858 auro
399 3804 431 3858 et
451 3805 582 3878 argento
604 3798 737 3877 aliisque
759 3817 865 3859 rerum
890 3799 1054 3878 speciebus
1084 3805 1117 3861 et
1146 3801 1293 3862 omnibns
1326 3800 1525 3872 utilitatibus,
1552 3799 1605 3860 ubi
1636 3805 1667 3860 et
1688 3817 1797 3859 mona·

175 3903 307 3964 chorum
344 3905 621 3984 congregationem
659 3910 854 3978 construens,
888 3907 1004 3966 Greecae
1036 3904 1259 3967 modulationis
1295 3907 1478 3986 psalmodiae
1513 3905 1693 3967 coerrohium
1729 3921 1795 3964 esse

174 4010 323 4086 decrerit,
347 4016 443 4091 atque
474 4013 538 4073 Deo
580 4016 688 4072 nostro
731 4011 943 4090 omnipotenti
983 4018 1015 4072 et
1044 4013 1190 4073 omnibns
1227 4013 1344 4074 ibidem
1377 4011 1645 4091 requiescentibus
1679 4010 1796 4071 sanctis

174 4119 299 4197 magnis
349 4119 407 4180 sub
475 4118 749 4180 interdictionibus
800 4117 908 4179 sedule
959 4136 995 4178 ac
1036 4118 1251 4180 indesinenter
1298 4119 1407 4180 laudes
1457 4119 1567 4180 statuit
1614 4117 1794 4197 persolven-

109 4225 153 4287 15
175 4225 242 4286 das.

216 4363 296 4418 2⁶¹
322 4358 379 4419 Hic
400 4357 474 4418 fecit
496 4357 620 4419 noviter
650 4356 812 4418 ecclesiam
845 4355 927 4418 infra
949 4357 1030 4418 banc
1052 4357 1209 4418 civitatem
1241 4359 1414 4418 Romanam
1445 4355 1478 4416 in
1507 4355 1558 4416 via
1587 4370 1669 4427 acra,
1703 4351 1797 4432 juxta
1826 4409 1830 4416 .

175 4465 332 4544 templum
355 4465 491 4538 ltomuli,
515 4466 548 4526 in
570 4465 691 4526 honora
713 4471 895 4526 sarrctornm
918 4464 1131 4544 apostolorum
1160 4464 1244 4524 Petri
1265 4471 1295 4524 ct
1327 4463 1426 4536 Pauli,
1452 4462 1506 4522 nbi
1535 4461 1594 4540 ipsi
1624 4457 1797 4519 beatissimi

177 4571 336 4654 principes
361 4569 590 4650 apostolorum,
613 4578 755 4652 ternpore
777 4589 839 4651 qno
871 4589 927 4651 pro
961 4571 1075 4632 Christi
1106 4570 1233 4632 nourine
1262 4569 1411 4649 martyrio
1442 4567 1584 4630 coronati
1613 4571 1696 4639 sunt,
1720 4564 1795 4625 dnm

178 4679 379 4758 Redemptori
403 4684 510 4740 nostro
535 4679 704 4740 funderent
725 4695 843 4758 proces,
869 4679 996 4758 propria
1017 4697 1120 4757 genua
1141 4678 1265 4738 flectere
1287 4676 1342 4736 visi
1364 4681 1448 4736 eunt.
1471 4676 1505 4734 ln
1528 4693 1591 4752 quo
1613 4673 1681 4734 loco
1697 4690 1796 4752 usque

78 4795 96 4810 ·
131 4787 154 4844 5
179 4785 331 4846 hactenus
356 4803 465 4845 eorum
489 4803 593 4862 genua
615 4804 671 4866 pro
694 4785 874 4846 testimonio
896 4783 999 4845 omnis
1022 4785 1053 4844 in
1078 4790 1236 4863 postremo
1265 4789 1406 4846 ventures
1430 4780 1642 4862 generationis
1662 4779 1694 4840 in
1716 4797 1796 4858 quo·

178 4890 252 4951 dam
277 4890 445 4952 fortissimo
467 4891 553 4951 silice
575 4890 649 4952 licet
671 4909 738 4952 esse
760 4897 934 4952 noscuntur
956 4891 1130 4970 designate.
1156 4893 1233 4951 Nam
1256 4897 1288 4952 et
1308 4889 1390 4950 infra
1419 4889 1582 4951 ecclesiam
1606 4885 1691 4947 beati
1713 4885 1799 4946 Petri

177 4998 310 5078 apostoli
333 4997 411 5059 foris
434 5015 538 5058 muros
559 4995 655 5076 hujus
676 4997 811 5058 civitatis
833 4999 985 5060 Romanae
1007 4997 1129 5060 noviter
1150 4997 1313 5060 oraculum
1336 4997 1375 5078 (d)
1399 4998 1431 5056 in
1461 4997 1581 5058 honore
1602 4999 1719 5056 sanctae
1742 4993 1798 5054 Dei

178 5105 346 5168 Genitrieis
367 5105 553 5179 construxit,
573 5105 665 5184 juxta
687 5105 861 5164 oratorium
888 5105 989 5164 sancti
1013 5105 1123 5166 Leonis
1146 5123 1245 5184 papae,
1270 5123 1360 5165 secus
1392 5105 1473 5164 fores
1503 5101 1651 5164 introitus
1682 5105 1798 5160 sanetae

175 5211 466 5292 Petronillaratque
488 5212 573 5272 beati
593 5210 727 5272 Andreae
750 5209 885 5289 apostoli
907 5210 1028 5270 musivo
1050 5216 1081 5270 et
1104 5211 1234 5272 diversis
1258 5211 1474 5272 rnetalliseom
1488 5211 1668 5271 adormans.
1694 5206 1753 5268 Ubi
1768 5209 1799 5264 et

108 5321 154 5380 10
179 5318 318 5398 effigiem
335 5325 451 5380 sanctae
472 5319 528 5381 Dei
551 5317 719 5380 Genitrinis
740 5317 771 5376 in
793 5323 898 5377 statua
919 5335 957 5377 ex
978 5323 1111 5394 argento
1132 5318 1296 5391 deaurato,
1312 5337 1383 5397 quea
1408 5325 1518 5398 pensat
1541 5316 1636 5376 libras
1658 5315 1795 5381 centnm,

695 5549 820 5594 NOTULAE
841 5547 1031 5592 athamantis
1053 5549 1210 5594 l'AllliOT'l'l.

84 5804 91 5815 Ι
124 5731 170 5802 (ιι)
189 5730 221 5786 B.
238 5728 392 5786 tribulatos
408 5727 554 5786 audiebat.
593 5729 631 5802 (b)
647 5727 808 5796 oraculum,
826 5727 854 5784 ai
868 5736 906 5784 est
921 5728 1090 5784 oratorium.
