4040 6170
96 32 175 94 iasa
454 34 639 97 bisacuta
660 37 712 98 iiii
733 37 836 102 illitis
861 39 955 103 boii.
977 41 1373 112 Patim-citiacoiiiiis
1396 51 1432 112 ll.
1716 59 1794 120 1290

164 179 229 235 qum
244 161 274 218 in
289 162 412 220 ecclesia
427 163 504 220 beati
521 165 595 222 Patri
611 167 733 240 dpostoli
749 169 819 224 foris
835 187 934 228 muros
950 171 1034 246 longe
1051 175 1114 246 Jam
1140 176 1220 232 senio
1237 185 1352 235 cassata
1374 181 1558 252 videbantur,
1575 186 1611 240 ad
1636 189 1793 260 pristinum

165 264 282 318 statum'
291 261 464 336 cultumque
478 263 622 336 perduxit,
633 265 705 322 Nam
721 283 794 340 pene
808 272 898 326 lotam
915 270 1059 343 porticum
1075 275 1330 347 superoratorium
1342 283 1448 336 sanctae
1461 281 1508 338 liei
1520 283 1675 342 Genitriais
1686 287 1792 357 Mariae,

164 367 228 433 qua
244 359 378 417 Mediana
393 360 509 430 dicitur,
527 363 639 418 noviter
652 380 687 419 ex
701 366 844 433 trabibus,
860 369 1029 442 caterisque
1045 370 1131 444 lignis
1146 373 1182 428 ob
1199 374 1330 431 decorem
1347 377 1473 434 basiliam
1496 381 1650 438 decoravit.
1681 385 1742 442 lmo
1766 392 1795 444 et

129 459 146 516 5
167 457 255 516 aliam
268 458 404 516 similiter
419 459 565 533 porticum
581 465 649 518 anta
664 462 762 520 iratres
778 471 930 538 argenteas
945 485 1017 525 noro
1034 487 1119 542 opere
1133 471 1272 544 cultuque
1288 475 1432 547 praecipuo
1449 480 1569 550 perfecit
1589 482 1705 538 Necnon
1725 487 1753 539 et
1764 483 1793 538 in

164 558 258 614 fronte
274 557 404 630 paradisi
415 559 478 630 y'am
496 559 559 614 iata
571 559 699 616 eeclesia
710 563 864 636 principali
879 567 993 622 musivo
1004 573 1110 625 cuncta
1125 585 1187 641 qua
1199 587 1215 626 a
1226 571 1330 643 priscis
1339 576 1518 647 temporibus
1531 577 1559 632 in
1571 581 1672 636 eodem
1684 581 1793 653 pericia

162 659 246 712 crant
261 653 360 712 diruta
373 655 524 713 velocitate
538 656 631 713 nimia
645 659 765 733 pingere
780 679 812 718 ac
828 667 991 721 restaurare
1007 666 1141 723 decrevit.
1159 667 1316 725 Renovavit
1339 670 1428 727 simul
1447 678 1475 728 et
1500 677 1644 746 particum
1660 679 1793 751 ejusdem

161 751 289 810 basilica
304 771 369 827 qua
384 770 474 827 super
486 755 595 828 padus
610 757 676 828 ejus
688 774 753 814 esso
767 760 954 832 perspicitur,
965 775 1017 835 par
1031 781 1104 835 quos
1121 764 1246 838 populus
1262 768 1402 825 orationis
1416 775 1482 827 voto
1497 771 1695 832 indifferenter
1706 776 1793 833 babet

160 855 325 909 ascensum.
335 851 602 926 Fecitetiamjuxts
616 855 720 929 acolyti
737 873 788 929 pro
803 858 900 929 quiete
915 860 1125 932 pontilicis,ubi
1141 869 1207 935 past
1221 865 1367 922 orationes
1378 869 1567 926 matutinales
1578 871 1620 928 vel
1633 873 1791 930 missarum

4 971 6 1004 ;
104 953 140 1008 10
159 951 257 1008 officia
270 952 336 1023 ejus
349 949 463 1007 valcant
478 953 610 1008 membra
621 954 930 1029 soporari,hospitium
946 975 1067 1032 parvum
1083 962 1133 1016 sed
1150 961 1270 1019 honeste
1285 969 1528 1030 constructum‚et
1543 968 1665 1040 picturis
1677 971 1793 1028 decora-

158 1050 201 1107 vit
214 1048 449 1122 etimiiisdgitur
463 1049 539 1106 inter
554 1055 657 1108 catara
672 1053 754 1108 bena
769 1055 944 1126 operationis
959 1057 1091 1130 exempla
1107 1059 1174 1114 feeit
1187 1063 1216 1115 et
1229 1059 1259 1115 in
1276 1062 1451 1134 patriarchio
1464 1065 1653 1123 lateranensi
1665 1083 1717 1140 pro
1735 1070 1791 1125 uti·

158 1147 241 1204 litate
256 1147 315 1204 sive
327 1161 384 1203 usu
394 1147 541 1219 pontilicis
551 1165 641 1222 prope
651 1150 810 1206 oratorium
821 1152 914 1208 sancti
923 1152 1030 1210 Christi
1043 1156 1179 1230 martyris
1188 1159 1334 1214 Laurentii
1345 1160 1547 1218 habitaculum
1558 1153 1790 1236 setis'idoueum,

160 1245 211 1302 ubi
226 1249 255 1302 et
270 1245 354 1319 quies
368 1249 413 1302 ast
425 1245 547 1318 optima,
563 1251 672 1303 etcum
688 1247 800 1306 clericis
811 1249 874 1306 suis
888 1251 1019 1323 pontifex
1034 1253 1102 1310 inde
1117 1256 1269 1327 egrediens
1285 1258 1477 1330 omnipotenti
1487 1261 1732 1320 Dominodebitas
1742 1282 1792 1336 po-

158 1347 218 1402 test
231 1343 334 1402 laudes
348 1342 521 1417 persolvero.
531 1345 623 1417 igilur
636 1349 704 1418 post
717 1345 779 1402 baec
794 1347 893 1405 omnia
907 1364 971 1422 qua
980 1351 1116 1424 superius
1126 1353 1268 1412 edificata
1280 1355 1417 1428 leguntur
1428 1358 1462 1413 de
1471 1359 1600 1415 aediliciis
1608 1361 1672 1432 jani
1685 1361 1791 1418 dirutis

101 1445 137 1499 15
157 1446 186 1500 et
202 1459 262 1515 pree
276 1440 479 1514 magnitudine
492 1444 659 1514 temporum
674 1459 747 1516 poue
764 1444 958 1519 asserisque
973 1447 1049 1504 infra
1060 1448 1200 1521 palatium
1213 1451 1249 1506 ab
1260 1453 1389 1525 antiquis
1401 1455 1717 1514 Patribusridebautur
1727 1477 1791 1515 essa

157 1537 530 1608 constructabeatissimus
540 1539 602 1610 jam
618 1539 725 1613 sapius
741 1542 909 1600 nominatus
919 1559 995 1618 papa
1003 1545 1160 1619 Gregorius
1170 1565 1243 1604 novo
1260 1549 1341 1606 cultu
1356 1556 1385 1607 et
1397 1569 1482 1623 opere
1493 1572 1509 1610 a
1522 1555 1721 1612 fundamentis
1732 1573 1793 1612 ere·

155 1639 199 1696 xit
214 1640 303 1710 atqua
318 1636 492 1710 conipasuit.
508 1637 581 1693 Nam
598 1638 774 1695 descensum
789 1640 839 1714 qui
854 1641 1078 1714 paracellarium
1093 1645 1221 1718 respicit,
1238 1664 1289 1720 per
1304 1665 1391 1720 quem
1406 1654 1493 1706 antea
1511 1651 1644 1708 homiues
1655 1652 1744 1710 veluti
1761 1653 1790 1710 in

156 1740 241 1794 noete
256 1735 453 1792 ascendebant
468 1734 512 1791 vel
528 1735 798 1805 descendebant‚ita
812 1739 923 1796 noviter
938 1741 1104 1798 reformarit
1118 1747 1151 1799 ut
1166 1743 1246 1800 nulla
1261 1744 1328 1802 inda
1342 1751 1527 1805 transeuntes
1535 1749 1671 1822 deinceps
1682 1755 1714 1806 ut
1724 1755 1791 1807 ante

155 1833 320 1890 obscuritas
329 1832 424 1890 valeat
433 1833 622 1907 praepediisse
632 1850 689 1907 qua
699 1834 833 1892 videlicet
844 1836 905 1894 loco
916 1855 1008 1911 usque
1019 1839 1054 1896 ad
1071 1841 1230 1898 oratorium
1240 1843 1334 1900 sancti
1347 1846 1619 1914 Laurentii,cuncta
1628 1865 1691 1920 qua
1707 1854 1790 1905 erant

4 1960 7 1994 :
96 1933 134 1987 20
154 1929 449 1988 vetera‘reatauravit.
466 1931 501 1986 iu
516 1929 575 1986 alia
589 1948 663 1988 nova
677 1932 793 2004 adjecit,
811 1933 839 1989 in
855 1935 962 2007 quibus
976 1941 1035 1994 tres
1050 1938 1214 1996 caminatas
1239 1940 1300 1997 fieri
1320 1943 1421 2014 jussit.
1439 1943 1596 2000 Renovavit
1610 1945 1669 2001 imo
1685 1951 1713 2002 et
1728 1946 1791 2002 bal·

156 2044 245 2086 neum
256 2029 426 2102 quadiunta
440 2028 666 2102 paracollnrium
681 2029 771 2086 situm
787 2035 862 2088 csta
878 2033 1078 2090 fundamentis
1092 2051 1144 2108 per
1158 2040 1295 2106 totum‚et
1308 2041 1506 2098 marmoribus
1516 2041 1791 2116 caterisqueplaca·

153 2127 265 2184 bilibus
280 2126 418 2200 operibus
433 2126 588 2184 decoravit.
605 2127 679 2183 Nam
694 2129 776 2200 prius
791 2130 944 2186 vetustatis
958 2130 1139 2205 longitudine
1153 2151 1293 2192 casurum
1309 2155 1373 2194 essa
1385 2139 1544 2208 videbatur,
1562 2141 1618 2197 nisi
1645 2159 1729 2198 mens
1746 2141 1790 2198 vel

154 2225 300 2298 optimum
317 2223 553 2311 tanti-pontilicis
566 2225 696 2281 studium
711 2225 783 2281 illud
800 2228 836 2283 ad
845 2226 970 2300 priorem
986 2233 1097 2286 statum
1114 2233 1251 2288 reducere
1262 2235 1446 2292 decrevisset.
1457 2238 1519 2292 Pari
1531 2239 1687 2294 modoetia
1699 2238 1790 2294 eccla·

156 2325 201 2379 sia
216 2323 461 2395 salvatorisque
477 2321 900 2396 appellaturConstantiniana,
911 2325 978 2381 fecit
992 2331 1102 2384 vestam
1119 2329 1182 2384 auri
1194 2330 1334 2398 textilem,
1343 2331 1499 2390 habentem
1511 2334 1665 2392 historiam
1680 2334 1792 2408 palma-

4 2487 8 2492 ,
93 2422 132 2475 20
154 2437 220 2476 rum
237 2424 266 2476 et
280 2437 392 2478 emnam
408 2420 535 2476 Domini.

188 2513 267 2574 m
284 2519 356 2575 ltem
372 2519 402 2574 in
417 2512 575 2574 venerabili
592 2518 768 2575 monasteria
792 2524 900 2576 sancta
923 2519 973 2577 Dei
999 2521 1155 2580 Genitricis
1181 2541 1355 2598 semperque
1374 2526 1504 2599 Virginis
1529 2528 1638 2597 Maria,
1655 2533 1683 2584 at
1699 2531 1793 2587 sancti

153 2614 279 2674 Cornelii
294 2621 322 2673 et
336 2615 450 2684 Collati,
467 2633 556 2691 quam
570 2621 676 2674 vocant
690 2618 785 2674 Trans
800 2617 940 2686 Tiberim,
956 2619 1024 2675 fecit
1040 2620 1169 2676 canistra
1184 2639 1305 2678 nurnero
1321 2639 1380 2692 sex,
1393 2640 1456 2696 quae
1473 2641 1555 2697 pens.
1569 2624 1689 2682 insimul
1702 2627 1793 2684 libras

153 2715 391 2783 decantatorum
408 2715 551 2788 scyphum
568 2729 672 2782 unum,
688 2731 771 2788 pens.
789 2714 878 2772 libras
894 2719 958 2772 octo
973 2720 1001 2772 et
1016 2717 1117 2774 uncias
1129 2724 1268 2791 quatuor3
1286 2721 1428 2778 canthara
1453 2739 1520 2779 cum
1540 2724 1790 2797 thymiamaterio,

153 2827 238 2886 pens.
255 2810 344 2869 libras
359 2815 434 2882 tres3
451 2811 591 2868 sicionem
608 2827 711 2880 unum,
728 2829 810 2884 pens.
828 2811 917 2870 libras
933 2817 1003 2870 tras.
1020 2815 1160 2872 perlectis
1176 2821 1275 2873 autem
1292 2817 1338 2874 his
1354 2818 1492 2876 omnibus
1508 2825 1596 2894 atque
1611 2822 1792 2878 examussim

4 2976 15 2989 ν
112 2911 133 2966 5
154 2909 435 2983 patratis,queniam
447 2909 606 2983 jam‚sicut
616 2909 803 2983 saepedictum
819 2910 945 2983 catejas
956 2916 1057 2968 sancta
1073 2915 1236 2970 veneranda
1248 2931 1281 2970 ac
1297 2915 1451 2973 recolenda
1466 2916 1748 2992 simplicitas,usque
1762 2919 1792 2976 in

156 3007 205 3064 Dei
221 3011 283 3065 crat
297 3007 505 3082 omnipotentis
519 3024 636 3081 semper
650 3007 762 3064 intenta
776 3008 953 3074 servitio,ita
967 3026 1084 3082 quoque
1098 3011 1134 3067 de
1148 3011 1247 3084 populi
1258 3013 1358 3069 futura
1369 3012 1463 3070 salute
1473 3019 1502 3070 et
1511 3014 1682 3073 liberatione
1693 3015 1792 3089 patria

154 3104 354 3164 indifferenter
369 3110 431 3162 erat
446 3099 620 3173 sollicitans
635 3105 671 3161 ab
688 3104 821 3162 hostibus
836 3105 894 3162 Deo
905 3123 962 3162 non
977 3107 1163 3179 permittente
1178 3125 1295 3182 quoquo
1308 3110 1394 3167 modo
1405 3117 1578 3184 caperentur
1589 3130 1595 3169 :
1608 3119 1636 3169 et
1651 3115 1792 3187 quoniam

157 3203 249 3290 hayus
263 3203 454 3262 sacratissimi
470 3203 564 3260 Patris
578 3221 612 3258 ac
627 3220 707 3276 papa
720 3203 903 3277 temporibus
914 3203 1004 3276 impia
1019 3209 1105 3278 atquc
1121 3206 1273 3276 nefariaet
1289 3207 1346 3264 Deo
1362 3207 1684 3283 edibilishgarenorum
1695 3229 1793 3285 gensa

5 3363 6 3366 Ἴ
157 3301 268 3358 tinibus
283 3303 346 3360 suis
360 3313 540 3374 consurgens
564 3317 638 3374 pene
663 3314 766 3357 ornnes
781 3300 894 3357 insulas
909 3305 938 3357 et
952 3303 1085 3358 omnium
1101 3304 1233 3377 regiones
1248 3307 1392 3361 terrarum
1403 3307 1792 3382 circuiens,depraedationes
1891 3371 1894 3377 ,

4 3451 6 3486 3
98 3401 141 3461 10
161 3400 317 3458 hominum
333 3405 362 3457 ct
376 3399 507 3456 locorum
523 3397 718 3456 desolationes
732 3397 871 3456 atrociter
885 3399 1017 3468 faciebat,
1034 3415 1141 3474 easque
1157 3401 1299 3458 hactenus
1325 3403 1419 3460 faeere
1443 3404 1611 3463 nullatenus
1632 3411 1740 3477 cessat;
1757 3409 1793 3464 de

156 3502 266 3576 quibus
280 3515 397 3573 quoquc
412 3496 537 3554 insolitis
553 3501 641 3570 atque
651 3497 788 3554 cavendis
802 3495 951 3570 periculis,
959 3497 1253 3556 misericordissimus
1265 3500 1371 3573 praesul
1381 3519 1523 3575 magnum
1534 3503 1646 3560 habens
1656 3505 1793 3562 timorem

156 3617 194 3656 aa
209 3597 336 3672 populus
351 3614 369 3654 a
383 3595 441 3653 Deo
456 3595 514 3652 sibi
529 3596 651 3652 etbeato
667 3593 750 3652 Petro
766 3595 943 3652 commissus
957 3596 1099 3669 apostolo,
1116 3597 1211 3670 quiin
1234 3598 1387 3655 Portuansi
1410 3598 1453 3656 vel
1477 3599 1602 3657 Ostiensi
1626 3601 1793 3658 civitatibus

155 3697 318 3768 habitabat,
332 3713 350 3752 a
364 3692 516 3752 Saracenis
532 3692 753 3750 nefandissimis
768 3691 967 3766 tribulationis
984 3711 1017 3750 ac
1031 3695 1255 3767 depraedationis
1270 3697 1392 3753 sentiret
1398 3697 1663 3770 jacturam,intimo
1674 3700 1794 3756 trahens

4 3865 10 3884 ι
155 3813 191 3853 cx
202 3793 288 3852 corde
304 3791 441 3866 suspiria,
457 3792 544 3864 coepit
558 3792 717 3866 prudenter
731 3791 1034 3864 inquirerequomodo
1050 3792 1196 3850 civitatem
1208 3794 1370 3851 Ostiensem
1387 3796 1433 3867 adj
1440 3801 1538 3852 rivaret
1552 3813 1585 3852 ac
1601 3796 1725 3852 liberare
1747 3813 1793 3869 po·

7 3946 11 3953 .
97 3898 135 3953 15
155 3895 271 3951 tuisset.
283 3893 316 3949 ln
330 3892 395 3964 ejus
410 3890 509 3947 statim
524 3889 709 3962 omnipotens
725 3888 802 3946 Deus
817 3889 871 3945 hoc
887 3889 968 3946 dedit
982 3891 1067 3946 corde
1084 3890 1288 3960 consiliumet
1303 3891 1449 3948 civitatem
1465 3893 1573 3948 ibidem
1585 3892 1792 3966 quapopulum

14 3971 17 3978 ³
156 3992 268 4050 salvara
278 3989 393 4048 valleia
408 3988 608 4046 fundamentis
623 3987 735 4044 naviter
749 3992 920 4044 construere
934 3987 1096 4056 debuisset,
1112 3989 1251 4060 quonium
1268 4005 1302 4044 aa
1316 4005 1379 4062 qua
1395 3990 1483 4062 priori
1498 3995 1628 4063 tempore
1653 3991 1795 4046 aedificata

157 4090 253 4147 fuerat
268 4087 355 4163 lango
371 4089 510 4160 quassata
525 4085 606 4142 senio
620 4101 699 4141 nunc
714 4084 861 4141 videretur
875 4101 939 4141 esse
955 4085 1062 4140 diruto.
1080 4085 1158 4141 Fecit
1174 4090 1271 4142 autem
1288 4088 1369 4157 juxta
1394 4088 1471 4159 quod
1496 4087 1522 4144 ei
1545 4088 1638 4144 fuerat
1653 4087 1793 4143 divinitus

141 4227 146 4234 ·
158 4187 337 4260 inspiratum
349 4202 356 4242 :
369 4184 398 4241 in
414 4183 552 4258 praedicte
566 4182 644 4240 enim
656 4180 771 4239 civitate
779 4182 907 4240 Ostiensi
919 4182 1065 4239 civitatem
1076 4181 1164 4240 aliam
1175 4182 1262 4240 asolo
1273 4182 1355 4240 valde
1367 4183 1667 4256 fortissimam,muris
1678 4201 1794 4256 quoque

4 4349 15 4361 ..
157 4284 322 4352 altioribus,
339 4283 431 4356 portis
445 4281 533 4339 simul
549 4297 583 4337 ac
598 4280 671 4338 seris
686 4283 713 4336 et
729 4279 904 4364 catharactis
918 4296 982 4336 eam
998 4279 1129 4352 undique
1144 4280 1332 4354 permonuit,
1342 4285 1371 4337 et
1395 4283 1522 4354 desuper
1543 4283 1579 4338 ad
1605 4281 1749 4349 inimicos,
1770 4280 1795 4337 si

4 4379 10 4448 ]
97 4385 138 4440 20
157 4381 299 4450 venerint,
316 4379 526 4455 expugnandas
538 4377 680 4452 petrarias
691 4375 781 4434 nobili
797 4381 858 4434 arta
874 4376 1049 4450 composuit,
1066 4377 1211 4433 etaloris
1227 4393 1284 4434 non
1300 4379 1386 4452 longe
1402 4379 1438 4434 ab
1453 4378 1563 4435 eisdem
1581 4377 1674 4434 muris
1699 4377 1794 4451 ipsam

4 4467 14 4484 ι’
157 4480 305 4538 civitatem
321 4478 417 4536 altiori
433 4479 541 4536 fossato
550 4474 709 4550 praecinxit,
721 4494 758 4532 nc
774 4475 889 4532 facilius
902 4493 1003 4532 muros
1019 4474 1188 4550 contingere
1198 4475 1247 4532 isti
1261 4473 1401 4532 valerent.

194 4579 268 4635 m
287 4576 409 4646 Quande
424 4580 522 4632 autem
537 4575 691 4648 saepedicta
706 4574 808 4631 civitas
823 4589 902 4630 nova
914 4573 1029 4630 fabrica
1044 4573 1162 4629 initium
1174 4573 1357 4646 meruit,ipse
1373 4573 1481 4630 ibidem
1499 4574 1704 4630 sanctissimus
1719 4591 1795 4647 papa

157 4691 211 4751 par
225 4693 255 4733 sc
271 4675 373 4732 multis
388 4673 518 4732 residens
528 4673 632 4730 diebus
643 4677 756 4746 partem
769 4673 927 4745 quamdam
939 4688 1092 4730 murorum
1106 4689 1164 4728 non
1175 4671 1318 4728 modicam
1331 4671 1398 4728 cum
1410 4671 1473 4728 suis
1484 4671 1654 4728 bominibus
1665 4670 1750 4744 quasi
1766 4673 1794 4728 in

157 4779 266 4832 sortem
281 4773 445 4847 percipiens
460 4791 478 4828 a
493 4771 693 4829 fundamentis
707 4771 808 4828 erexit.
824 4771 865 4827 Dc
880 4787 938 4843 qua
952 4771 1117 4836 donee,Deo
1127 4770 1430 4843 prosperante,crcbra
1446 4769 1524 4827 dicta
1534 4770 1635 4827 civitas
1651 4771 1686 4826 ad
1703 4770 1798 4843 legiti-

157 4874 238 4928 mam
253 4869 343 4928 totius
355 4871 472 4928 fabrica
488 4870 576 4926 flnem
592 4869 734 4942 perducta
747 4873 801 4936 est,
817 4867 926 4925 multos
936 4868 1039 4924 exinde
1054 4867 1169 4924 labores
1184 4867 1212 4922 in
1230 4883 1283 4924 suo
1307 4870 1408 4923 sancto
1434 4871 1549 4940 pectore
1574 4867 1617 4924 vel
1633 4867 1794 4924 certamina

4 4969 6 5056 ,
115 4971 137 5028 5
156 4968 357 5026 indesinenter
369 4968 519 5026 sustinuit.
536 4967 589 5024 coi
604 4967 693 5024 etiam
708 4967 821 5023 noviter
832 4965 941 5022 civitati
957 4969 1131 5023 constructae
1147 4964 1202 5022 hcc
1217 4982 1324 5022 nomen
1341 4965 1369 5020 in
1387 4965 1600 5038 sempiternum
1617 4966 1722 5024 statuit
1731 4982 1796 5039 per·

4 5065 11 5080 ”
157 5067 470 5136 manendum,scilicat
486 5071 518 5123 rit
529 5067 565 5122 ato
580 5065 719 5122 omnibus
733 5063 793 5121 siue
807 5063 949 5120 Romanis
964 5063 1024 5122 siva
1039 5063 1104 5120 aliis
1121 5063 1320 5131 nationibus,a
1330 5064 1448 5136 proprio
1461 5064 1539 5136 quod
1554 5063 1579 5120 ei
1595 5063 1793 5130 aratnominc,

158 5165 189 5220 id
205 5168 251 5221 est
265 5163 490 5239 Gregoriopelis,
506 5167 670 5221 vocaretur.
685 5163 720 5218 Et
735 5179 832 5218 revera
848 5161 950 5218 merito
966 5160 1021 5216 hoc
1040 5159 1231 5218 sconditoris
1253 5161 1298 5216 sui
1321 5161 1439 5219 nominc
1454 5161 1631 5218 vocabulum
1657 5159 1795 5233 sumpsit,

157 5261 229 5336 quia
244 5263 322 5336 quod
337 5261 452 5320 nullum
466 5261 593 5336 legimus
608 5261 711 5318 facisse
723 5257 1023 5334 pontificem,iste,l)ci
1035 5259 1244 5332 omnipotentis
1260 5259 1366 5317 auxilio
1377 5258 1524 5333 simulque
1535 5259 1640 5315 virtute
1652 5257 1795 5322 munitus,

4 5439 6 5446 Α
156 5375 212 5434 pra
226 5360 334 5434 popule
349 5359 569 5418 deliberatione
584 5360 683 5434 patria
699 5363 766 5416 ante
778 5359 841 5431 jam
858 5357 1042 5414 nominatum
1054 5375 1129 5431 opus
1144 5357 1271 5444 mirabili
1287 5359 1390 5418 decore
1406 5358 1521 5415 fabricae
1536 5355 1699 5414 construxit
1709 5356 1797 5425 atquc

4 5459 12 5473 '
98 5459 138 5517 10
158 5459 335 5532 compesuit.

192 5557 271 5615 m
286 5557 338 5614 liis
354 5557 453 5630 itaque
465 5557 496 5614 in
511 5555 574 5614 suis
585 5556 657 5614 locis
672 5555 861 5614 manentibus
877 5555 945 5611 feoit
955 5554 1033 5612 idem
1050 5554 1235 5628 coangelicus
1250 5559 1339 5627 atque
1363 5553 1487 5611 eximius
1502 5549 1607 5626 presul
1629 5550 1659 5605 in
1675 5548 1798 5606 basilica

157 5654 317 5713 salvatoris
341 5654 458 5712 Domini
483 5654 575 5712 nostri
597 5655 668 5712 lesu
693 5653 904 5728 Christi,juxta
929 5652 1140 5728 patriarchium
1165 5653 1367 5722 Lateronense,
1384 5655 1493 5708 vestem
1519 5663 1586 5705 cum
1608 5644 1796 5723 chrysoclavo

247 5781 381 5846 Paeane.
404 5781 565 5847 cxxviii.
707 5837 711 5846 .
1597 5775 1634 5840 il
