<?xml version="1.0" encoding="UTF-8"?>
<!DOCTYPE html PUBLIC "-//W3C//DTD XHTML 1.0 Transitional//EN"
    "http://www.w3.org/TR/xhtml1/DTD/xhtml1-transitional.dtd">
<html xmlns="http://www.w3.org/1999/xhtml" xml:lang="en" lang="en">
 <head>
  <title>
</title>
<meta http-equiv="Content-Type" content="text/html;charset=utf-8" />
  <meta name='ocr-system' content='tesseract 3.04.00' />
  <meta name='ocr-capabilities' content='ocr_page ocr_carea ocr_par ocr_line ocrx_word'/>
</head>
<body>
  <div class='ocr_page' id='page_1' title='image "./patrologiaecurs94unkngoog/patrologiaecurs94unkngoog_0534.png"; bbox 0 0 4048 6174; ppageno 0'>
   <div class='ocr_carea' id='block_1_1' title="bbox 140 165 1839 273">
    <p class='ocr_par' dir='ltr' id='par_1_1' title="bbox 140 165 1839 273">
     <span class='ocr_line' id='line_1_1' title="bbox 140 165 1839 273; baseline 0.005 -11"><span class='ocrx_word' id='word_1_1' title='bbox 140 187 220 262; x_wconf 78' lang='lat' dir='ltr'>sust</span> <span class='ocrx_word' id='word_1_2' title='bbox 471 197 653 264; x_wconf 80' lang='lat' dir='ltr'>meroem</span> <span class='ocrx_word' id='word_1_3' title='bbox 673 198 725 262; x_wconf 88' lang='lat' dir='ltr'>na</span> <span class='ocrx_word' id='word_1_4' title='bbox 745 197 848 263; x_wconf 78' lang='lat' dir='ltr'>nris</span> <span class='ocrx_word' id='word_1_5' title='bbox 870 196 965 262; x_wconf 85' lang='lat' dir='ltr'>nun.</span> <span class='ocrx_word' id='word_1_6' title='bbox 987 189 1102 264; x_wconf 79' lang='lat' dir='ltr'>rann.</span> <span class='ocrx_word' id='word_1_7' title='bbox 1118 233 1156 246; x_wconf 90' lang='grc'><strong>-</strong></span> <span class='ocrx_word' id='word_1_8' title='bbox 1172 199 1203 262; x_wconf 89' lang='lat' dir='ltr'>s.</span> <span class='ocrx_word' id='word_1_9' title='bbox 1226 165 1456 267; x_wconf 75' lang='lat' dir='ltr'>zacennns.</span> <span class='ocrx_word' id='word_1_10' title='bbox 1761 197 1839 273; x_wconf 83' lang='lat' dir='ltr'>rosa</span> 
     </span>
    </p>
   </div>
   <div class='ocr_carea' id='block_1_2' title="bbox 217 332 1840 634">
    <p class='ocr_par' dir='ltr' id='par_1_2' title="bbox 217 332 1840 634">
     <span class='ocr_line' id='line_1_2' title="bbox 220 332 1840 421; baseline 0.004 -24"><span class='ocrx_word' id='word_1_11' title='bbox 220 333 299 398; x_wconf 83' lang='lat' dir='ltr'>item</span> <span class='ocrx_word' id='word_1_12' title='bbox 323 332 395 394; x_wconf 87' lang='lat' dir='ltr'>lecit</span> <span class='ocrx_word' id='word_1_13' title='bbox 415 346 564 394; x_wconf 86' lang='lat' dir='ltr'>coronam</span> <span class='ocrx_word' id='word_1_14' title='bbox 585 333 625 396; x_wconf 89' lang='lat' dir='ltr'>de</span> <span class='ocrx_word' id='word_1_15' title='bbox 656 339 787 414; x_wconf 87' lang='lat' dir='ltr'>argento</span> <span class='ocrx_word' id='word_1_16' title='bbox 819 332 987 414; x_wconf 87' lang='lat' dir='ltr'>purissima</span> <span class='ocrx_word' id='word_1_17' title='bbox 1016 353 1086 394; x_wconf 83' lang='lat' dir='ltr'>cunr</span> <span class='ocrx_word' id='word_1_18' title='bbox 1118 334 1276 415; x_wconf 80' lang='lat' dir='ltr'>delphinis</span> <span class='ocrx_word' id='word_1_19' title='bbox 1306 355 1345 398; x_wconf 84' lang='lat' dir='ltr'>cx</span> <span class='ocrx_word' id='word_1_20' title='bbox 1376 337 1503 418; x_wconf 85' lang='lat' dir='ltr'>proprio</span> <span class='ocrx_word' id='word_1_21' title='bbox 1533 345 1601 414; x_wconf 88' lang='lat' dir='ltr'>suo,</span> <span class='ocrx_word' id='word_1_22' title='bbox 1626 354 1714 421; x_wconf 86' lang='lat' dir='ltr'>pens.</span> <span class='ocrx_word' id='word_1_23' title='bbox 1743 341 1840 406; x_wconf 90' lang='lat' dir='ltr'>libras</span> 
     </span>
     <span class='ocr_line' id='line_1_3' title="bbox 219 439 1839 526; baseline 0.005 -24"><span class='ocrx_word' id='word_1_24' title='bbox 219 445 347 504; x_wconf 80' lang='lat' dir='ltr'>caulam</span> <span class='ocrx_word' id='word_1_25' title='bbox 367 440 491 520; x_wconf 80' lang='lat' dir='ltr'>viginti.</span> <span class='ocrx_word' id='word_1_26' title='bbox 513 440 570 502; x_wconf 86' lang='lat' dir='ltr'>llis</span> <span class='ocrx_word' id='word_1_27' title='bbox 590 440 792 503; x_wconf 86' lang='lat' dir='ltr'>beatisstmus</span> <span class='ocrx_word' id='word_1_28' title='bbox 820 441 868 501; x_wconf 89' lang='lat' dir='ltr'>vir</span> <span class='ocrx_word' id='word_1_29' title='bbox 884 439 979 520; x_wconf 76' lang='lat' dir='ltr'>juxta</span> <span class='ocrx_word' id='word_1_30' title='bbox 999 441 1093 502; x_wconf 91' lang='lat' dir='ltr'>ritum</span> <span class='ocrx_word' id='word_1_31' title='bbox 1116 443 1359 504; x_wconf 83' lang='lat' dir='ltr'>ecclesiasticum</span> <span class='ocrx_word' id='word_1_32' title='bbox 1383 448 1415 503; x_wconf 90' lang='lat' dir='ltr'>et</span> <span class='ocrx_word' id='word_1_33' title='bbox 1436 444 1507 508; x_wconf 79' lang='lat' dir='ltr'>ndei</span> <span class='ocrx_word' id='word_1_34' title='bbox 1542 463 1606 508; x_wconf 81' lang='lat' dir='ltr'>suae</span> <span class='ocrx_word' id='word_1_35' title='bbox 1639 448 1839 526; x_wconf 79' lang='lat' dir='ltr'><strong>sponsionem</strong></span> 
     </span>
     <span class='ocr_line' id='line_1_4' title="bbox 217 546 1840 634; baseline 0.004 -24"><span class='ocrx_word' id='word_1_36' title='bbox 217 546 441 624; x_wconf 74' lang='lat' dir='ltr'>orthodoxum,</span> <span class='ocrx_word' id='word_1_37' title='bbox 465 547 648 628; x_wconf 81' lang='lat' dir='ltr'>synodicam</span> <span class='ocrx_word' id='word_1_38' title='bbox 670 548 809 610; x_wconf 79' lang='lat' dir='ltr'>eeclesia</span> <span class='ocrx_word' id='word_1_39' title='bbox 832 548 917 610; x_wconf 80' lang='lat' dir='ltr'>misit</span> <span class='ocrx_word' id='word_1_40' title='bbox 936 549 1306 629; x_wconf 64' lang='lat' dir='ltr'>constantinopolitam,</span> <span class='ocrx_word' id='word_1_41' title='bbox 1331 549 1487 630; x_wconf 85' lang='lat' dir='ltr'>simulque</span> <span class='ocrx_word' id='word_1_42' title='bbox 1522 555 1553 614; x_wconf 90' lang='lat' dir='ltr'>et</span> <span class='ocrx_word' id='word_1_43' title='bbox 1580 553 1674 614; x_wconf 90' lang='lat' dir='ltr'>aliam</span> <span class='ocrx_word' id='word_1_44' title='bbox 1711 571 1840 634; x_wconf 84' lang='lat' dir='ltr'>sugges-</span> 
     </span>
    </p>
   </div>
   <div class='ocr_carea' id='block_1_3' title="bbox 156 654 1844 1586">
    <p class='ocr_par' dir='ltr' id='par_1_3' title="bbox 216 654 1840 736">
     <span class='ocr_line' id='line_1_5' title="bbox 216 654 1840 736; baseline 0.005 -20"><span class='ocrx_word' id='word_1_45' title='bbox 216 654 336 717; x_wconf 86' lang='lat' dir='ltr'>tionem</span> <span class='ocrx_word' id='word_1_46' title='bbox 358 654 498 733; x_wconf 78' lang='lat' dir='ltr'>dirigens</span> <span class='ocrx_word' id='word_1_47' title='bbox 528 654 727 717; x_wconf 87' lang='lat' dir='ltr'>serenissimo</span> <span class='ocrx_word' id='word_1_48' title='bbox 758 656 967 718; x_wconf 86' lang='lat' dir='ltr'>Constantino</span> <span class='ocrx_word' id='word_1_49' title='bbox 996 656 1143 736; x_wconf 82' lang='lat' dir='ltr'>principi.</span> <span class='ocrx_word' id='word_1_50' title='bbox 1165 658 1206 720; x_wconf 78' lang='lat' dir='ltr'>Et</span> <span class='ocrx_word' id='word_1_51' title='bbox 1226 656 1430 736; x_wconf 72' lang='lat' dir='ltr'>pergentrbus</span> <span class='ocrx_word' id='word_1_52' title='bbox 1464 659 1644 736; x_wconf 74' lang='lat' dir='ltr'>apostolica</span> <span class='ocrx_word' id='word_1_53' title='bbox 1670 661 1753 722; x_wconf 86' lang='lat' dir='ltr'>sedis</span> <span class='ocrx_word' id='word_1_54' title='bbox 1774 679 1840 724; x_wconf 86' lang='lat' dir='ltr'>rea·</span> 
     </span>
    </p>

    <p class='ocr_par' dir='ltr' id='par_1_4' title="bbox 156 760 1842 1271">
     <span class='ocr_line' id='line_1_6' title="bbox 156 760 1840 843; baseline 0.004 -22"><span class='ocrx_word' id='word_1_55' title='bbox 156 763 197 824; x_wconf 81' lang='lat' dir='ltr'>lu</span> <span class='ocrx_word' id='word_1_56' title='bbox 216 760 399 842; x_wconf 82' lang='lat' dir='ltr'>ponsalibus</span> <span class='ocrx_word' id='word_1_57' title='bbox 434 760 472 822; x_wconf 84' lang='lat' dir='ltr'>sd</span> <span class='ocrx_word' id='word_1_58' title='bbox 510 761 629 840; x_wconf 83' lang='lat' dir='ltr'>regiam</span> <span class='ocrx_word' id='word_1_59' title='bbox 661 761 772 822; x_wconf 90' lang='lat' dir='ltr'>urbem</span> <span class='ocrx_word' id='word_1_60' title='bbox 806 762 996 824; x_wconf 87' lang='lat' dir='ltr'>invenerunt</span> <span class='ocrx_word' id='word_1_61' title='bbox 1026 762 1112 824; x_wconf 90' lang='lat' dir='ltr'>intra</span> <span class='ocrx_word' id='word_1_62' title='bbox 1146 762 1298 843; x_wconf 88' lang='lat' dir='ltr'>palatium</span> <span class='ocrx_word' id='word_1_63' title='bbox 1331 763 1427 841; x_wconf 84' lang='lat' dir='ltr'>regiae</span> <span class='ocrx_word' id='word_1_64' title='bbox 1467 766 1628 842; x_wconf 85' lang='lat' dir='ltr'>potestatis</span> <span class='ocrx_word' id='word_1_65' title='bbox 1663 765 1840 828; x_wconf 81' lang='lat' dir='ltr'>invasorem</span> 
     </span>
     <span class='ocr_line' id='line_1_7' title="bbox 216 866 1841 948; baseline 0.002 -18"><span class='ocrx_word' id='word_1_66' title='bbox 216 866 387 948; x_wconf 85' lang='lat' dir='ltr'>quemdam</span> <span class='ocrx_word' id='word_1_67' title='bbox 409 873 441 930; x_wconf 85' lang='lat' dir='ltr'>at</span> <span class='ocrx_word' id='word_1_68' title='bbox 462 867 621 942; x_wconf 84' lang='lat' dir='ltr'>rebellem,</span> <span class='ocrx_word' id='word_1_69' title='bbox 645 869 827 932; x_wconf 79' lang='lat' dir='ltr'>Artauslum</span> <span class='ocrx_word' id='word_1_70' title='bbox 851 867 893 948; x_wconf 84' lang='lat' dir='ltr'>(a)</span> <span class='ocrx_word' id='word_1_71' title='bbox 916 869 1045 930; x_wconf 88' lang='lat' dir='ltr'>nomino</span> <span class='ocrx_word' id='word_1_72' title='bbox 1069 886 1076 930; x_wconf 92' lang='lat'>:</span> <span class='ocrx_word' id='word_1_73' title='bbox 1100 870 1175 932; x_wconf 91' lang='lat' dir='ltr'>dum</span> <span class='ocrx_word' id='word_1_74' title='bbox 1197 869 1281 932; x_wconf 91' lang='lat' dir='ltr'>enirn</span> <span class='ocrx_word' id='word_1_75' title='bbox 1302 868 1402 932; x_wconf 87' lang='lat' dir='ltr'>isdem</span> <span class='ocrx_word' id='word_1_76' title='bbox 1425 869 1600 948; x_wconf 87' lang='lat' dir='ltr'>imperator</span> <span class='ocrx_word' id='word_1_77' title='bbox 1623 870 1664 932; x_wconf 91' lang='lat' dir='ltr'>ad</span> <span class='ocrx_word' id='word_1_78' title='bbox 1686 872 1841 933; x_wconf 84' lang='lat' dir='ltr'>dimican-</span> 
     </span>
     <span class='ocr_line' id='line_1_8' title="bbox 218 973 1841 1058; baseline 0.002 -22"><span class='ocrx_word' id='word_1_79' title='bbox 218 973 294 1036; x_wconf 92' lang='lat' dir='ltr'>dum</span> <span class='ocrx_word' id='word_1_80' title='bbox 316 977 426 1036; x_wconf 87' lang='lat' dir='ltr'>contra</span> <span class='ocrx_word' id='word_1_81' title='bbox 455 976 672 1054; x_wconf 73' lang='lat' dir='ltr'>agarenorum</span> <span class='ocrx_word' id='word_1_82' title='bbox 705 981 905 1056; x_wconf 83' lang='lat' dir='ltr'>properasset</span> <span class='ocrx_word' id='word_1_83' title='bbox 935 981 1074 1056; x_wconf 87' lang='lat' dir='ltr'>gentem,</span> <span class='ocrx_word' id='word_1_84' title='bbox 1111 977 1194 1044; x_wconf 88' lang='lat' dir='ltr'>illico</span> <span class='ocrx_word' id='word_1_85' title='bbox 1225 977 1376 1056; x_wconf 79' lang='lat' dir='ltr'>praelatus</span> <span class='ocrx_word' id='word_1_86' title='bbox 1411 978 1578 1037; x_wconf 82' lang='lat' dir='ltr'>Artaustus</span> <span class='ocrx_word' id='word_1_87' title='bbox 1612 975 1693 1038; x_wconf 88' lang='lat' dir='ltr'>dalis</span> <span class='ocrx_word' id='word_1_88' title='bbox 1723 977 1841 1058; x_wconf 90' lang='lat' dir='ltr'>populo</span> 
     </span>
     <span class='ocr_line' id='line_1_9' title="bbox 218 1080 1842 1163; baseline 0.002 -21"><span class='ocrx_word' id='word_1_89' title='bbox 218 1080 329 1162; x_wconf 82' lang='lat' dir='ltr'>quiin</span> <span class='ocrx_word' id='word_1_90' title='bbox 357 1080 446 1160; x_wconf 84' lang='lat' dir='ltr'>regia</span> <span class='ocrx_word' id='word_1_91' title='bbox 478 1086 699 1144; x_wconf 85' lang='lat' dir='ltr'>remanserunt</span> <span class='ocrx_word' id='word_1_92' title='bbox 734 1082 824 1151; x_wconf 86' lang='lat' dir='ltr'>urbe,</span> <span class='ocrx_word' id='word_1_93' title='bbox 854 1081 1003 1160; x_wconf 73' lang='lat' dir='ltr'>premiis,</span> <span class='ocrx_word' id='word_1_94' title='bbox 1039 1082 1201 1162; x_wconf 88' lang='lat' dir='ltr'>imperiale</span> <span class='ocrx_word' id='word_1_95' title='bbox 1236 1083 1371 1163; x_wconf 88' lang='lat' dir='ltr'>arripuit</span> <span class='ocrx_word' id='word_1_96' title='bbox 1404 1082 1531 1144; x_wconf 90' lang='lat' dir='ltr'>solium.</span> <span class='ocrx_word' id='word_1_97' title='bbox 1568 1084 1607 1145; x_wconf 84' lang='lat' dir='ltr'>Et</span> <span class='ocrx_word' id='word_1_98' title='bbox 1641 1084 1842 1162; x_wconf 86' lang='lat' dir='ltr'>postmodum</span> 
     </span>
     <span class='ocr_line' id='line_1_10' title="bbox 220 1186 1840 1271; baseline 0.002 -23"><span class='ocrx_word' id='word_1_99' title='bbox 220 1203 397 1266; x_wconf 76' lang='lat' dir='ltr'>aggregans</span> <span class='ocrx_word' id='word_1_100' title='bbox 427 1186 634 1249; x_wconf 87' lang='lat' dir='ltr'>Orientalium</span> <span class='ocrx_word' id='word_1_101' title='bbox 666 1188 859 1250; x_wconf 86' lang='lat' dir='ltr'>exercituum</span> <span class='ocrx_word' id='word_1_102' title='bbox 897 1187 1129 1250; x_wconf 80' lang='lat' dir='ltr'>multitudinem</span> <span class='ocrx_word' id='word_1_103' title='bbox 1161 1187 1317 1250; x_wconf 78' lang='lat' dir='ltr'>antelatus</span> <span class='ocrx_word' id='word_1_104' title='bbox 1353 1187 1395 1270; x_wconf 84' lang='lat' dir='ltr'>(l)</span> <span class='ocrx_word' id='word_1_105' title='bbox 1429 1189 1654 1250; x_wconf 85' lang='lat' dir='ltr'>Constantinus</span> <span class='ocrx_word' id='word_1_106' title='bbox 1684 1189 1840 1271; x_wconf 88' lang='lat' dir='ltr'>princeps,</span> 
     </span>
    </p>

    <p class='ocr_par' dir='ltr' id='par_1_5' title="bbox 161 1293 1844 1586">
     <span class='ocr_line' id='line_1_11' title="bbox 161 1293 1842 1375; baseline 0.002 -21"><span class='ocrx_word' id='word_1_107' title='bbox 161 1296 418 1374; x_wconf 72' lang='lat' dir='ltr'>{spargensque</span> <span class='ocrx_word' id='word_1_108' title='bbox 459 1293 776 1374; x_wconf 82' lang='lat' dir='ltr'>Constantinopolim,</span> <span class='ocrx_word' id='word_1_109' title='bbox 813 1295 958 1356; x_wconf 88' lang='lat' dir='ltr'>eamdem</span> <span class='ocrx_word' id='word_1_110' title='bbox 1000 1294 1133 1357; x_wconf 81' lang='lat' dir='ltr'>uiriliter</span> <span class='ocrx_word' id='word_1_111' title='bbox 1173 1311 1372 1375; x_wconf 84' lang='lat' dir='ltr'>expugnans,</span> <span class='ocrx_word' id='word_1_112' title='bbox 1405 1300 1501 1375; x_wconf 88' lang='lat' dir='ltr'>atque</span> <span class='ocrx_word' id='word_1_113' title='bbox 1549 1295 1742 1358; x_wconf 82' lang='lat' dir='ltr'>extrinsecus</span> <span class='ocrx_word' id='word_1_114' title='bbox 1782 1297 1842 1359; x_wconf 88' lang='lat' dir='ltr'>cir-</span> 
     </span>
     <span class='ocr_line' id='line_1_12' title="bbox 221 1399 1844 1484; baseline 0.001 -22"><span class='ocrx_word' id='word_1_115' title='bbox 221 1400 425 1473; x_wconf 80' lang='lat' dir='ltr'>cumvallans,</span> <span class='ocrx_word' id='word_1_116' title='bbox 469 1399 710 1481; x_wconf 82' lang='lat' dir='ltr'>comprehendit</span> <span class='ocrx_word' id='word_1_117' title='bbox 745 1399 916 1478; x_wconf 87' lang='lat' dir='ltr'>civitatem,</span> <span class='ocrx_word' id='word_1_118' title='bbox 959 1407 992 1464; x_wconf 90' lang='lat' dir='ltr'>et</span> <span class='ocrx_word' id='word_1_119' title='bbox 1032 1401 1201 1482; x_wconf 89' lang='lat' dir='ltr'>pristinum</span> <span class='ocrx_word' id='word_1_120' title='bbox 1244 1401 1333 1481; x_wconf 90' lang='lat' dir='ltr'>regni</span> <span class='ocrx_word' id='word_1_121' title='bbox 1374 1401 1424 1464; x_wconf 92' lang='lat' dir='ltr'>sui</span> <span class='ocrx_word' id='word_1_122' title='bbox 1464 1401 1597 1484; x_wconf 86' lang='lat' dir='ltr'>adeptus</span> <span class='ocrx_word' id='word_1_123' title='bbox 1650 1407 1698 1466; x_wconf 89' lang='lat' dir='ltr'>cst</span> <span class='ocrx_word' id='word_1_124' title='bbox 1751 1401 1844 1464; x_wconf 80' lang='lat' dir='ltr'>lasti·</span> 
     </span>
     <span class='ocr_line' id='line_1_13' title="bbox 219 1521 319 1586; baseline -0.02 -18"><span class='ocrx_word' id='word_1_125' title='bbox 219 1521 319 1586; x_wconf 81' lang='lat' dir='ltr'>grum.</span> 
     </span>
    </p>
   </div>
   <div class='ocr_carea' id='block_1_4' title="bbox 178 1627 1847 2362">
    <p class='ocr_par' dir='ltr' id='par_1_6' title="bbox 178 1627 1847 2362">
     <span class='ocr_line' id='line_1_14' title="bbox 260 1627 1843 1720; baseline 0 -18"><span class='ocrx_word' id='word_1_126' title='bbox 260 1627 349 1702; x_wconf 57' lang='grc' dir='ltr'>πθ</span> <span class='ocrx_word' id='word_1_127' title='bbox 371 1639 547 1720; x_wconf 82' lang='lat' dir='ltr'>Statimque</span> <span class='ocrx_word' id='word_1_128' title='bbox 574 1636 642 1718; x_wconf 90' lang='lat' dir='ltr'>jam</span> <span class='ocrx_word' id='word_1_129' title='bbox 671 1639 729 1700; x_wconf 85' lang='lat' dir='ltr'>isti</span> <span class='ocrx_word' id='word_1_130' title='bbox 758 1639 899 1701; x_wconf 82' lang='lat' dir='ltr'>Arlansti</span> <span class='ocrx_word' id='word_1_131' title='bbox 927 1639 1059 1719; x_wconf 86' lang='lat' dir='ltr'>ejusque</span> <span class='ocrx_word' id='word_1_132' title='bbox 1091 1639 1227 1700; x_wconf 89' lang='lat' dir='ltr'>liliorum</span> <span class='ocrx_word' id='word_1_133' title='bbox 1262 1640 1345 1702; x_wconf 90' lang='lat' dir='ltr'>eruit</span> <span class='ocrx_word' id='word_1_134' title='bbox 1371 1640 1488 1717; x_wconf 88' lang='lat' dir='ltr'>oculos,</span> <span class='ocrx_word' id='word_1_135' title='bbox 1513 1645 1544 1701; x_wconf 91' lang='lat' dir='ltr'>et</span> <span class='ocrx_word' id='word_1_136' title='bbox 1575 1639 1681 1720; x_wconf 89' lang='lat' dir='ltr'>plures</span> <span class='ocrx_word' id='word_1_137' title='bbox 1713 1657 1751 1702; x_wconf 84' lang='lat' dir='ltr'>cx</span> <span class='ocrx_word' id='word_1_138' title='bbox 1779 1637 1843 1702; x_wconf 90' lang='lat' dir='ltr'>suis</span> 
     </span>
     <span class='ocr_line' id='line_1_15' title="bbox 220 1744 1843 1827; baseline 0 -21"><span class='ocrx_word' id='word_1_139' title='bbox 220 1746 388 1808; x_wconf 78' lang='lat' dir='ltr'>rebellibus</span> <span class='ocrx_word' id='word_1_140' title='bbox 410 1746 533 1807; x_wconf 88' lang='lat' dir='ltr'>exsules</span> <span class='ocrx_word' id='word_1_141' title='bbox 555 1763 574 1806; x_wconf 88' lang='lat' dir='ltr'>a</span> <span class='ocrx_word' id='word_1_142' title='bbox 595 1746 731 1826; x_wconf 89' lang='lat' dir='ltr'>propriis</span> <span class='ocrx_word' id='word_1_143' title='bbox 752 1745 823 1807; x_wconf 88' lang='lat' dir='ltr'>leoil</span> <span class='ocrx_word' id='word_1_144' title='bbox 847 1745 1045 1806; x_wconf 86' lang='lat' dir='ltr'>habitaculis.</span> <span class='ocrx_word' id='word_1_145' title='bbox 1068 1747 1144 1808; x_wconf 89' lang='lat' dir='ltr'>Post</span> <span class='ocrx_word' id='word_1_146' title='bbox 1168 1746 1236 1807; x_wconf 77' lang='lat' dir='ltr'>hae</span> <span class='ocrx_word' id='word_1_147' title='bbox 1257 1746 1421 1826; x_wconf 87' lang='lat' dir='ltr'>requirens</span> <span class='ocrx_word' id='word_1_148' title='bbox 1450 1747 1579 1808; x_wconf 87' lang='lat' dir='ltr'>missum</span> <span class='ocrx_word' id='word_1_149' title='bbox 1602 1745 1640 1827; x_wconf 77' lang='lat' dir='ltr'>(c)</span> <span class='ocrx_word' id='word_1_150' title='bbox 1662 1744 1843 1826; x_wconf 81' lang='lat' dir='ltr'>apostolicae</span> 
     </span>
     <span class='ocr_line' id='line_1_16' title="bbox 217 1852 1844 1934; baseline -0.001 -20"><span class='ocrx_word' id='word_1_151' title='bbox 217 1853 310 1929; x_wconf 85' lang='lat' dir='ltr'>sedis,</span> <span class='ocrx_word' id='word_1_152' title='bbox 333 1853 387 1933; x_wconf 89' lang='lat' dir='ltr'>qni</span> <span class='ocrx_word' id='word_1_153' title='bbox 409 1853 527 1914; x_wconf 81' lang='lat' dir='ltr'>ibidem</span> <span class='ocrx_word' id='word_1_154' title='bbox 559 1852 591 1913; x_wconf 92' lang='lat' dir='ltr'>in</span> <span class='ocrx_word' id='word_1_155' title='bbox 625 1857 767 1933; x_wconf 88' lang='lat' dir='ltr'>tempore</span> <span class='ocrx_word' id='word_1_156' title='bbox 800 1852 1048 1933; x_wconf 83' lang='lat' dir='ltr'>perturbationis</span> <span class='ocrx_word' id='word_1_157' title='bbox 1070 1853 1245 1931; x_wconf 83' lang='lat' dir='ltr'>contigerat</span> <span class='ocrx_word' id='word_1_158' title='bbox 1267 1853 1443 1927; x_wconf 84' lang='lat' dir='ltr'>advenisse,</span> <span class='ocrx_word' id='word_1_159' title='bbox 1465 1872 1600 1934; x_wconf 88' lang='lat' dir='ltr'>eumque</span> <span class='ocrx_word' id='word_1_160' title='bbox 1622 1857 1780 1933; x_wconf 87' lang='lat' dir='ltr'>repertum</span> <span class='ocrx_word' id='word_1_161' title='bbox 1803 1852 1844 1914; x_wconf 87' lang='lat' dir='ltr'>ad</span> 
     </span>
     <span class='ocr_line' id='line_1_17' title="bbox 218 1958 1845 2044; baseline 0 -24"><span class='ocrx_word' id='word_1_162' title='bbox 218 1961 324 2021; x_wconf 89' lang='lat' dir='ltr'>sedem</span> <span class='ocrx_word' id='word_1_163' title='bbox 346 1959 482 2020; x_wconf 82' lang='lat' dir='ltr'>absolvit</span> <span class='ocrx_word' id='word_1_164' title='bbox 503 1958 720 2040; x_wconf 85' lang='lat' dir='ltr'>apostolicam,</span> <span class='ocrx_word' id='word_1_165' title='bbox 745 1964 777 2021; x_wconf 89' lang='lat' dir='ltr'>et</span> <span class='ocrx_word' id='word_1_166' title='bbox 805 1959 899 2039; x_wconf 86' lang='lat' dir='ltr'>juxta</span> <span class='ocrx_word' id='word_1_167' title='bbox 927 1959 1012 2038; x_wconf 92' lang='lat' dir='ltr'>quod</span> <span class='ocrx_word' id='word_1_168' title='bbox 1044 1959 1243 2021; x_wconf 86' lang='lat' dir='ltr'>beatissimus</span> <span class='ocrx_word' id='word_1_169' title='bbox 1278 1959 1418 2044; x_wconf 75' lang='lat' dir='ltr'>pontisara¹</span> <span class='ocrx_word' id='word_1_170' title='bbox 1449 1961 1676 2040; x_wconf 83' lang='lat' dir='ltr'>postulaverat,</span> <span class='ocrx_word' id='word_1_171' title='bbox 1699 1959 1845 2020; x_wconf 89' lang='lat' dir='ltr'>donatio·</span> 
     </span>
     <span class='ocr_line' id='line_1_18' title="bbox 178 2064 1844 2147; baseline -0.002 -18"><span class='ocrx_word' id='word_1_172' title='bbox 178 2071 197 2130; x_wconf 73' lang='lat'><strong>3</strong></span> <span class='ocrx_word' id='word_1_173' title='bbox 221 2068 346 2129; x_wconf 85' lang='lat' dir='ltr'>nemin</span> <span class='ocrx_word' id='word_1_174' title='bbox 368 2066 492 2147; x_wconf 85' lang='lat' dir='ltr'>scriptis</span> <span class='ocrx_word' id='word_1_175' title='bbox 513 2065 553 2128; x_wconf 91' lang='lat' dir='ltr'>de</span> <span class='ocrx_word' id='word_1_176' title='bbox 575 2065 697 2127; x_wconf 89' lang='lat' dir='ltr'>duabus</span> <span class='ocrx_word' id='word_1_177' title='bbox 723 2065 840 2127; x_wconf 88' lang='lat' dir='ltr'>mansis</span> <span class='ocrx_word' id='word_1_178' title='bbox 861 2065 905 2146; x_wconf 76' lang='lat' dir='ltr'>(dl</span> <span class='ocrx_word' id='word_1_179' title='bbox 928 2084 999 2146; x_wconf 76' lang='lat' dir='ltr'>qum</span> <span class='ocrx_word' id='word_1_180' title='bbox 1019 2065 1182 2147; x_wconf 87' lang='lat' dir='ltr'>Nymphas</span> <span class='ocrx_word' id='word_1_181' title='bbox 1204 2071 1234 2126; x_wconf 88' lang='lat' dir='ltr'>et</span> <span class='ocrx_word' id='word_1_182' title='bbox 1257 2067 1400 2128; x_wconf 88' lang='lat' dir='ltr'>Normiss</span> <span class='ocrx_word' id='word_1_183' title='bbox 1421 2067 1632 2147; x_wconf 86' lang='lat' dir='ltr'>appellantur,</span> <span class='ocrx_word' id='word_1_184' title='bbox 1653 2065 1735 2145; x_wconf 89' lang='lat' dir='ltr'>juris</span> <span class='ocrx_word' id='word_1_185' title='bbox 1761 2064 1844 2126; x_wconf 81' lang='lat' dir='ltr'>exis·</span> 
     </span>
     <span class='ocr_line' id='line_1_19' title="bbox 222 2171 1847 2254; baseline -0.001 -18"><span class='ocrx_word' id='word_1_186' title='bbox 222 2179 322 2236; x_wconf 81' lang='lat' dir='ltr'>tentes</span> <span class='ocrx_word' id='word_1_187' title='bbox 356 2173 488 2254; x_wconf 87' lang='lat' dir='ltr'>publici,</span> <span class='ocrx_word' id='word_1_188' title='bbox 511 2173 613 2234; x_wconf 86' lang='lat' dir='ltr'>eidem</span> <span class='ocrx_word' id='word_1_189' title='bbox 645 2173 842 2234; x_wconf 89' lang='lat' dir='ltr'>sanctissimo</span> <span class='ocrx_word' id='word_1_190' title='bbox 874 2190 910 2234; x_wconf 90' lang='lat' dir='ltr'>ao</span> <span class='ocrx_word' id='word_1_191' title='bbox 939 2173 1119 2235; x_wconf 89' lang='lat' dir='ltr'>beatissimo</span> <span class='ocrx_word' id='word_1_192' title='bbox 1152 2191 1243 2253; x_wconf 86' lang='lat' dir='ltr'>papae</span> <span class='ocrx_word' id='word_1_193' title='bbox 1274 2180 1390 2234; x_wconf 78' lang='lat' dir='ltr'>sanetas</span> <span class='ocrx_word' id='word_1_194' title='bbox 1427 2175 1578 2235; x_wconf 76' lang='lat' dir='ltr'>Romanae</span> <span class='ocrx_word' id='word_1_195' title='bbox 1609 2171 1748 2235; x_wconf 72' lang='lat' dir='ltr'>ecclesia</span> <span class='ocrx_word' id='word_1_196' title='bbox 1774 2172 1847 2253; x_wconf 87' lang='lat' dir='ltr'>jure</span> 
     </span>
     <span class='ocr_line' id='line_1_20' title="bbox 223 2279 750 2362; baseline -0.004 -20"><span class='ocrx_word' id='word_1_197' title='bbox 223 2285 377 2362; x_wconf 86' lang='lat' dir='ltr'>perpetuo</span> <span class='ocrx_word' id='word_1_198' title='bbox 398 2279 513 2342; x_wconf 79' lang='lat' dir='ltr'>direxit</span> <span class='ocrx_word' id='word_1_199' title='bbox 534 2279 750 2361; x_wconf 87' lang='lat' dir='ltr'>possidendas.</span> 
     </span>
    </p>
   </div>
   <div class='ocr_carea' id='block_1_5' title="bbox 183 2411 1846 3255">
    <p class='ocr_par' dir='ltr' id='par_1_7' title="bbox 223 2411 1846 2816">
     <span class='ocr_line' id='line_1_21' title="bbox 264 2411 1845 2494; baseline -0.003 -16"><span class='ocrx_word' id='word_1_200' title='bbox 264 2421 344 2479; x_wconf 73' lang='lat' dir='ltr'>m</span> <span class='ocrx_word' id='word_1_201' title='bbox 370 2412 404 2494; x_wconf 82' lang='lat' dir='ltr'>(e)</span> <span class='ocrx_word' id='word_1_202' title='bbox 426 2413 528 2494; x_wconf 84' lang='lat' dir='ltr'>liujus</span> <span class='ocrx_word' id='word_1_203' title='bbox 550 2413 745 2494; x_wconf 85' lang='lat' dir='ltr'>temporibus</span> <span class='ocrx_word' id='word_1_204' title='bbox 766 2411 1004 2489; x_wconf 74' lang='lat' dir='ltr'>carolomanus,</span> <span class='ocrx_word' id='word_1_205' title='bbox 1027 2413 1110 2473; x_wconf 83' lang='lat' dir='ltr'>filius</span> <span class='ocrx_word' id='word_1_206' title='bbox 1132 2411 1236 2474; x_wconf 82' lang='lat' dir='ltr'>Caroli</span> <span class='ocrx_word' id='word_1_207' title='bbox 1257 2415 1448 2475; x_wconf 80' lang='lat' dir='ltr'>Francorum</span> <span class='ocrx_word' id='word_1_208' title='bbox 1472 2414 1563 2494; x_wconf 86' lang='lat' dir='ltr'>regis,</span> <span class='ocrx_word' id='word_1_209' title='bbox 1588 2413 1751 2494; x_wconf 81' lang='lat' dir='ltr'>praesentis</span> <span class='ocrx_word' id='word_1_210' title='bbox 1774 2413 1845 2474; x_wconf 87' lang='lat' dir='ltr'>vitae</span> 
     </span>
     <span class='ocr_line' id='line_1_22' title="bbox 223 2519 1845 2602; baseline -0.002 -19"><span class='ocrx_word' id='word_1_211' title='bbox 223 2522 402 2602; x_wconf 89' lang='lat' dir='ltr'>relinquens</span> <span class='ocrx_word' id='word_1_212' title='bbox 424 2520 557 2600; x_wconf 87' lang='lat' dir='ltr'>gloriam</span> <span class='ocrx_word' id='word_1_213' title='bbox 580 2525 675 2600; x_wconf 89' lang='lat' dir='ltr'>atque</span> <span class='ocrx_word' id='word_1_214' title='bbox 697 2525 885 2601; x_wconf 87' lang='lat' dir='ltr'>potestatem</span> <span class='ocrx_word' id='word_1_215' title='bbox 910 2525 1080 2594; x_wconf 88' lang='lat' dir='ltr'>terrenam,</span> <span class='ocrx_word' id='word_1_216' title='bbox 1104 2520 1145 2580; x_wconf 92' lang='lat' dir='ltr'>ad</span> <span class='ocrx_word' id='word_1_217' title='bbox 1167 2520 1294 2581; x_wconf 87' lang='lat' dir='ltr'>beatum</span> <span class='ocrx_word' id='word_1_218' title='bbox 1317 2523 1444 2582; x_wconf 88' lang='lat' dir='ltr'>Petrum</span> <span class='ocrx_word' id='word_1_219' title='bbox 1481 2519 1695 2601; x_wconf 87' lang='lat' dir='ltr'>apostolorum</span> <span class='ocrx_word' id='word_1_220' title='bbox 1729 2520 1845 2600; x_wconf 89' lang='lat' dir='ltr'>prinei-</span> 
     </span>
     <span class='ocr_line' id='line_1_23' title="bbox 224 2624 1843 2712; baseline -0.002 -22"><span class='ocrx_word' id='word_1_221' title='bbox 224 2647 293 2712; x_wconf 90' lang='lat' dir='ltr'>pem</span> <span class='ocrx_word' id='word_1_222' title='bbox 316 2629 449 2690; x_wconf 90' lang='lat' dir='ltr'>devotus</span> <span class='ocrx_word' id='word_1_223' title='bbox 470 2647 540 2688; x_wconf 90' lang='lat' dir='ltr'>cnm</span> <span class='ocrx_word' id='word_1_224' title='bbox 561 2627 732 2708; x_wconf 89' lang='lat' dir='ltr'>aliquantis</span> <span class='ocrx_word' id='word_1_225' title='bbox 754 2625 817 2688; x_wconf 90' lang='lat' dir='ltr'>suis</span> <span class='ocrx_word' id='word_1_226' title='bbox 839 2627 968 2688; x_wconf 86' lang='lat' dir='ltr'>advenit</span> <span class='ocrx_word' id='word_1_227' title='bbox 988 2625 1146 2701; x_wconf 81' lang='lat' dir='ltr'>fidelibus,</span> <span class='ocrx_word' id='word_1_228' title='bbox 1169 2645 1299 2706; x_wconf 88' lang='lat' dir='ltr'>seseque</span> <span class='ocrx_word' id='word_1_229' title='bbox 1321 2626 1423 2688; x_wconf 86' lang='lat' dir='ltr'>eidem</span> <span class='ocrx_word' id='word_1_230' title='bbox 1445 2627 1501 2688; x_wconf 88' lang='lat' dir='ltr'>Dei</span> <span class='ocrx_word' id='word_1_231' title='bbox 1522 2625 1656 2688; x_wconf 86' lang='lat' dir='ltr'>eontulit</span> <span class='ocrx_word' id='word_1_232' title='bbox 1687 2624 1843 2706; x_wconf 89' lang='lat' dir='ltr'>apostolo,</span> 
     </span>
     <span class='ocr_line' id='line_1_24' title="bbox 223 2731 1846 2816; baseline -0.004 -19"><span class='ocrx_word' id='word_1_233' title='bbox 223 2741 319 2816; x_wconf 89' lang='lat' dir='ltr'>atque</span> <span class='ocrx_word' id='word_1_234' title='bbox 340 2735 372 2796; x_wconf 89' lang='lat' dir='ltr'>in</span> <span class='ocrx_word' id='word_1_235' title='bbox 394 2733 522 2815; x_wconf 89' lang='lat' dir='ltr'>speciali</span> <span class='ocrx_word' id='word_1_236' title='bbox 544 2733 587 2814; x_wconf 79' lang='lat' dir='ltr'>(s)</span> <span class='ocrx_word' id='word_1_237' title='bbox 612 2733 723 2794; x_wconf 90' lang='lat' dir='ltr'>habitu</span> <span class='ocrx_word' id='word_1_238' title='bbox 745 2753 778 2794; x_wconf 89' lang='lat' dir='ltr'>se</span> <span class='ocrx_word' id='word_1_239' title='bbox 799 2733 866 2794; x_wconf 88' lang='lat' dir='ltr'>lore</span> <span class='ocrx_word' id='word_1_240' title='bbox 888 2731 1047 2813; x_wconf 90' lang='lat' dir='ltr'>spondens</span> <span class='ocrx_word' id='word_1_241' title='bbox 1070 2751 1324 2812; x_wconf 89' lang='lat' dir='ltr'>permansurum,</span> <span class='ocrx_word' id='word_1_242' title='bbox 1353 2733 1518 2793; x_wconf 87' lang='lat' dir='ltr'>clericatus</span> <span class='ocrx_word' id='word_1_243' title='bbox 1536 2732 1649 2812; x_wconf 89' lang='lat' dir='ltr'>jugum</span> <span class='ocrx_word' id='word_1_244' title='bbox 1672 2731 1846 2793; x_wconf 86' lang='lat' dir='ltr'>abeodem</span> 
     </span>
    </p>

    <p class='ocr_par' dir='ltr' id='par_1_8' title="bbox 183 2836 1845 3255">
     <span class='ocr_line' id='line_1_25' title="bbox 183 2836 1845 2920; baseline -0.002 -17"><span class='ocrx_word' id='word_1_245' title='bbox 183 2841 420 2904; x_wconf 88' lang='lat' dir='ltr'>5sanclissimo</span> <span class='ocrx_word' id='word_1_246' title='bbox 441 2840 578 2920; x_wconf 89' lang='lat' dir='ltr'>suscepit</span> <span class='ocrx_word' id='word_1_247' title='bbox 609 2839 768 2920; x_wconf 82' lang='lat' dir='ltr'>pontifice.</span> <span class='ocrx_word' id='word_1_248' title='bbox 790 2839 831 2900; x_wconf 84' lang='lat' dir='ltr'>Et</span> <span class='ocrx_word' id='word_1_249' title='bbox 864 2838 947 2900; x_wconf 88' lang='lat' dir='ltr'>inter</span> <span class='ocrx_word' id='word_1_250' title='bbox 974 2837 1038 2900; x_wconf 89' lang='lat' dir='ltr'>alia</span> <span class='ocrx_word' id='word_1_251' title='bbox 1071 2838 1171 2899; x_wconf 77' lang='lat' dir='ltr'>murita</span> <span class='ocrx_word' id='word_1_252' title='bbox 1200 2838 1285 2900; x_wconf 89' lang='lat' dir='ltr'>dona</span> <span class='ocrx_word' id='word_1_253' title='bbox 1315 2837 1431 2900; x_wconf 89' lang='lat' dir='ltr'>obtulit</span> <span class='ocrx_word' id='word_1_254' title='bbox 1461 2837 1554 2900; x_wconf 91' lang='lat' dir='ltr'>beatu</span> <span class='ocrx_word' id='word_1_255' title='bbox 1574 2839 1668 2899; x_wconf 89' lang='lat' dir='ltr'>Petro</span> <span class='ocrx_word' id='word_1_256' title='bbox 1700 2836 1845 2918; x_wconf 89' lang='lat' dir='ltr'>apostolo</span> 
     </span>
     <span class='ocr_line' id='line_1_26' title="bbox 221 2943 1845 3027; baseline -0.004 -16"><span class='ocrx_word' id='word_1_257' title='bbox 221 2954 296 3011; x_wconf 88' lang='lat' dir='ltr'>anle</span> <span class='ocrx_word' id='word_1_258' title='bbox 317 2947 544 3010; x_wconf 84' lang='lat' dir='ltr'>contessionem</span> <span class='ocrx_word' id='word_1_259' title='bbox 577 2964 683 3008; x_wconf 87' lang='lat' dir='ltr'>arcum</span> <span class='ocrx_word' id='word_1_260' title='bbox 710 2953 894 3027; x_wconf 89' lang='lat' dir='ltr'>argenteum</span> <span class='ocrx_word' id='word_1_261' title='bbox 926 2944 1092 3025; x_wconf 88' lang='lat' dir='ltr'>majorem,</span> <span class='ocrx_word' id='word_1_262' title='bbox 1115 2951 1300 3026; x_wconf 89' lang='lat' dir='ltr'>pensantem</span> <span class='ocrx_word' id='word_1_263' title='bbox 1336 2944 1432 3006; x_wconf 90' lang='lat' dir='ltr'>libras</span> <span class='ocrx_word' id='word_1_264' title='bbox 1463 2943 1675 3025; x_wconf 86' lang='lat' dir='ltr'>septuaginta.</span> <span class='ocrx_word' id='word_1_265' title='bbox 1700 2943 1738 3004; x_wconf 80' lang='lat' dir='ltr'>nr</span> <span class='ocrx_word' id='word_1_266' title='bbox 1774 2948 1845 3023; x_wconf 89' lang='lat' dir='ltr'>post</span> 
     </span>
     <span class='ocr_line' id='line_1_27' title="bbox 222 3050 1843 3135; baseline -0.003 -19"><span class='ocrx_word' id='word_1_267' title='bbox 222 3055 418 3135; x_wconf 90' lang='lat' dir='ltr'>aliquantum</span> <span class='ocrx_word' id='word_1_268' title='bbox 442 3053 593 3133; x_wconf 86' lang='lat' dir='ltr'>temporis</span> <span class='ocrx_word' id='word_1_269' title='bbox 615 3053 654 3114; x_wconf 89' lang='lat' dir='ltr'>ad</span> <span class='ocrx_word' id='word_1_270' title='bbox 676 3053 761 3115; x_wconf 86' lang='lat' dir='ltr'>beati</span> <span class='ocrx_word' id='word_1_271' title='bbox 783 3051 953 3124; x_wconf 88' lang='lat' dir='ltr'>Benedicti,</span> <span class='ocrx_word' id='word_1_272' title='bbox 978 3052 1063 3132; x_wconf 92' lang='lat' dir='ltr'>quod</span> <span class='ocrx_word' id='word_1_273' title='bbox 1086 3052 1117 3112; x_wconf 91' lang='lat' dir='ltr'>in</span> <span class='ocrx_word' id='word_1_274' title='bbox 1142 3050 1369 3132; x_wconf 80' lang='lat' dir='ltr'>Aquinensium</span> <span class='ocrx_word' id='word_1_275' title='bbox 1394 3051 1510 3113; x_wconf 89' lang='lat' dir='ltr'>linibus</span> <span class='ocrx_word' id='word_1_276' title='bbox 1532 3051 1625 3113; x_wconf 90' lang='lat' dir='ltr'>situm</span> <span class='ocrx_word' id='word_1_277' title='bbox 1647 3055 1694 3113; x_wconf 85' lang='lat' dir='ltr'>est</span> <span class='ocrx_word' id='word_1_278' title='bbox 1716 3067 1843 3112; x_wconf 86' lang='lat' dir='ltr'>monas-</span> 
     </span>
     <span class='ocr_line' id='line_1_28' title="bbox 222 3158 1397 3255; baseline -0.003 -31"><span class='ocrx_word' id='word_1_279' title='bbox 222 3166 349 3234; x_wconf 87' lang='lat' dir='ltr'>terinm,</span> <span class='ocrx_word' id='word_1_280' title='bbox 371 3161 403 3222; x_wconf 90' lang='lat' dir='ltr'>in</span> <span class='ocrx_word' id='word_1_281' title='bbox 425 3177 489 3240; x_wconf 93' lang='lat' dir='ltr'>quo</span> <span class='ocrx_word' id='word_1_282' title='bbox 511 3165 543 3221; x_wconf 88' lang='lat' dir='ltr'>et</span> <span class='ocrx_word' id='word_1_283' title='bbox 563 3177 652 3222; x_wconf 89' lang='lat' dir='ltr'>suem</span> <span class='ocrx_word' id='word_1_284' title='bbox 675 3159 765 3255; x_wconf 77' lang='lat' dir='ltr'>unire</span> <span class='ocrx_word' id='word_1_285' title='bbox 789 3159 883 3220; x_wconf 89' lang='lat' dir='ltr'>uitam</span> <span class='ocrx_word' id='word_1_286' title='bbox 903 3158 975 3237; x_wconf 85' lang='lat' dir='ltr'>jure</span> <span class='ocrx_word' id='word_1_287' title='bbox 997 3159 1157 3238; x_wconf 81' lang='lat' dir='ltr'>protessus</span> <span class='ocrx_word' id='word_1_288' title='bbox 1178 3165 1226 3220; x_wconf 89' lang='lat' dir='ltr'>est</span> <span class='ocrx_word' id='word_1_289' title='bbox 1242 3158 1397 3238; x_wconf 84' lang='lat' dir='ltr'>jurando.</span> 
     </span>
    </p>
   </div>
   <div class='ocr_carea' id='block_1_6' title="bbox 223 3288 1847 3480">
    <p class='ocr_par' dir='ltr' id='par_1_9' title="bbox 223 3288 1847 3480">
     <span class='ocr_line' id='line_1_29' title="bbox 264 3288 1847 3371; baseline -0.004 -15"><span class='ocrx_word' id='word_1_290' title='bbox 264 3300 347 3358; x_wconf 70' lang='lat' dir='ltr'>ml</span> <span class='ocrx_word' id='word_1_291' title='bbox 371 3295 468 3355; x_wconf 91' lang='lat' dir='ltr'>Porro</span> <span class='ocrx_word' id='word_1_292' title='bbox 490 3292 601 3354; x_wconf 89' lang='lat' dir='ltr'>eodem</span> <span class='ocrx_word' id='word_1_293' title='bbox 623 3297 766 3371; x_wconf 89' lang='lat' dir='ltr'>ternpore</span> <span class='ocrx_word' id='word_1_294' title='bbox 788 3291 919 3370; x_wconf 88' lang='lat' dir='ltr'>contigit</span> <span class='ocrx_word' id='word_1_295' title='bbox 940 3289 1047 3371; x_wconf 86' lang='lat' dir='ltr'>plures</span> <span class='ocrx_word' id='word_1_296' title='bbox 1068 3291 1290 3351; x_wconf 89' lang='lat' dir='ltr'>Veneticorum</span> <span class='ocrx_word' id='word_1_297' title='bbox 1313 3290 1395 3352; x_wconf 91' lang='lat' dir='ltr'>hano</span> <span class='ocrx_word' id='word_1_298' title='bbox 1418 3292 1591 3352; x_wconf 87' lang='lat' dir='ltr'>itomanam</span> <span class='ocrx_word' id='word_1_299' title='bbox 1628 3289 1792 3351; x_wconf 85' lang='lat' dir='ltr'>aduenisse</span> <span class='ocrx_word' id='word_1_300' title='bbox 1815 3288 1847 3350; x_wconf 92' lang='lat' dir='ltr'>in</span> 
     </span>
     <span class='ocr_line' id='line_1_30' title="bbox 223 3395 1846 3480; baseline -0.006 -16"><span class='ocrx_word' id='word_1_301' title='bbox 223 3402 334 3464; x_wconf 88' lang='lat' dir='ltr'>urbem</span> <span class='ocrx_word' id='word_1_302' title='bbox 357 3400 581 3480; x_wconf 87' lang='lat' dir='ltr'>negotiatores,</span> <span class='ocrx_word' id='word_1_303' title='bbox 604 3405 636 3460; x_wconf 90' lang='lat' dir='ltr'>et</span> <span class='ocrx_word' id='word_1_304' title='bbox 672 3397 869 3459; x_wconf 87' lang='lat' dir='ltr'>mercimonii</span> <span class='ocrx_word' id='word_1_305' title='bbox 899 3397 1057 3458; x_wconf 89' lang='lat' dir='ltr'>nundinas</span> <span class='ocrx_word' id='word_1_306' title='bbox 1087 3404 1312 3478; x_wconf 86' lang='lat' dir='ltr'>propagantes,</span> <span class='ocrx_word' id='word_1_307' title='bbox 1338 3397 1571 3458; x_wconf 88' lang='lat' dir='ltr'>multitudinem</span> <span class='ocrx_word' id='word_1_308' title='bbox 1603 3395 1846 3476; x_wconf 84' lang='lat' dir='ltr'>mancipiorum,</span> 
     </span>
    </p>
   </div>
   <div class='ocr_carea' id='block_1_7' title="bbox 222 3502 1945 3585">
    <p class='ocr_par' dir='ltr' id='par_1_10' title="bbox 222 3502 1945 3585">
     <span class='ocr_line' id='line_1_31' title="bbox 222 3502 1945 3585; baseline -0.005 -15"><span class='ocrx_word' id='word_1_309' title='bbox 222 3505 643 3570; x_wconf 85' lang='lat' dir='ltr'>virilisseilicetetlemini</span> <span class='ocrx_word' id='word_1_310' title='bbox 664 3506 914 3584; x_wconf 86' lang='lat' dir='ltr'>generlsemere</span> <span class='ocrx_word' id='word_1_311' title='bbox 935 3503 1099 3578; x_wconf 89' lang='lat' dir='ltr'>visisunt,</span> <span class='ocrx_word' id='word_1_312' title='bbox 1122 3522 1201 3584; x_wconf 86' lang='lat' dir='ltr'>quos</span> <span class='ocrx_word' id='word_1_313' title='bbox 1222 3510 1255 3564; x_wconf 89' lang='lat' dir='ltr'>et</span> <span class='ocrx_word' id='word_1_314' title='bbox 1282 3503 1314 3564; x_wconf 94' lang='lat' dir='ltr'>in</span> <span class='ocrx_word' id='word_1_315' title='bbox 1335 3502 1472 3565; x_wconf 82' lang='lat' dir='ltr'>Africam</span> <span class='ocrx_word' id='word_1_316' title='bbox 1503 3503 1543 3564; x_wconf 89' lang='lat' dir='ltr'>sd</span> <span class='ocrx_word' id='word_1_317' title='bbox 1580 3521 1737 3585; x_wconf 88' lang='lat' dir='ltr'>paganam</span> <span class='ocrx_word' id='word_1_318' title='bbox 1769 3520 1843 3582; x_wconf 90' lang='lat' dir='ltr'>gen·</span> <span class='ocrx_word' id='word_1_319' title='bbox 1942 3505 1945 3508; x_wconf 76' lang='grc'><strong>’</strong></span> 
     </span>
    </p>
   </div>
   <div class='ocr_carea' id='block_1_8' title="bbox 182 3608 1851 4010">
    <p class='ocr_par' dir='ltr' id='par_1_11' title="bbox 221 3608 1847 3690">
     <span class='ocr_line' id='line_1_32' title="bbox 221 3608 1847 3690; baseline -0.004 -15"><span class='ocrx_word' id='word_1_320' title='bbox 221 3619 285 3677; x_wconf 90' lang='lat' dir='ltr'>tem</span> <span class='ocrx_word' id='word_1_321' title='bbox 323 3613 508 3676; x_wconf 88' lang='lat' dir='ltr'>nitebantur</span> <span class='ocrx_word' id='word_1_322' title='bbox 539 3612 704 3684; x_wconf 87' lang='lat' dir='ltr'>deducere,</span> <span class='ocrx_word' id='word_1_323' title='bbox 729 3613 797 3684; x_wconf 84' lang='lat' dir='ltr'>Ouo</span> <span class='ocrx_word' id='word_1_324' title='bbox 818 3610 945 3690; x_wconf 88' lang='lat' dir='ltr'>cognito</span> <span class='ocrx_word' id='word_1_325' title='bbox 979 3610 1080 3670; x_wconf 84' lang='lat' dir='ltr'>isdem</span> <span class='ocrx_word' id='word_1_326' title='bbox 1115 3611 1330 3672; x_wconf 86' lang='lat' dir='ltr'>sanctissimus</span> <span class='ocrx_word' id='word_1_327' title='bbox 1359 3612 1455 3672; x_wconf 90' lang='lat' dir='ltr'>Pater</span> <span class='ocrx_word' id='word_1_328' title='bbox 1484 3609 1553 3671; x_wconf 85' lang='lat' dir='ltr'>fieri</span> <span class='ocrx_word' id='word_1_329' title='bbox 1588 3609 1762 3690; x_wconf 88' lang='lat' dir='ltr'>prohibuit,</span> <span class='ocrx_word' id='word_1_330' title='bbox 1785 3608 1847 3670; x_wconf 91' lang='lat' dir='ltr'>hoc</span> 
     </span>
    </p>

    <p class='ocr_par' dir='ltr' id='par_1_12' title="bbox 182 3714 1851 4010">
     <span class='ocr_line' id='line_1_33' title="bbox 182 3714 1851 3800; baseline -0.002 -20"><span class='ocrx_word' id='word_1_331' title='bbox 182 3723 202 3780; x_wconf 76' lang='lat'>5</span> <span class='ocrx_word' id='word_1_332' title='bbox 220 3720 368 3800; x_wconf 87' lang='lat' dir='ltr'>judicans</span> <span class='ocrx_word' id='word_1_333' title='bbox 389 3718 475 3799; x_wconf 90' lang='lat' dir='ltr'>quod</span> <span class='ocrx_word' id='word_1_334' title='bbox 492 3718 615 3796; x_wconf 86' lang='lat' dir='ltr'>justum</span> <span class='ocrx_word' id='word_1_335' title='bbox 638 3735 702 3779; x_wconf 92' lang='lat' dir='ltr'>non</span> <span class='ocrx_word' id='word_1_336' title='bbox 737 3722 818 3777; x_wconf 88' lang='lat' dir='ltr'>esset</span> <span class='ocrx_word' id='word_1_337' title='bbox 839 3721 875 3777; x_wconf 90' lang='lat' dir='ltr'>ut</span> <span class='ocrx_word' id='word_1_338' title='bbox 906 3715 1022 3777; x_wconf 88' lang='lat' dir='ltr'>Gbristi</span> <span class='ocrx_word' id='word_1_339' title='bbox 1051 3715 1152 3777; x_wconf 90' lang='lat' dir='ltr'>abluti</span> <span class='ocrx_word' id='word_1_340' title='bbox 1183 3716 1340 3796; x_wconf 89' lang='lat' dir='ltr'>baptismo</span> <span class='ocrx_word' id='word_1_341' title='bbox 1372 3717 1505 3796; x_wconf 88' lang='lat' dir='ltr'>paganis</span> <span class='ocrx_word' id='word_1_342' title='bbox 1534 3716 1680 3795; x_wconf 90' lang='lat' dir='ltr'>gentibus</span> <span class='ocrx_word' id='word_1_343' title='bbox 1716 3714 1851 3777; x_wconf 89' lang='lat' dir='ltr'>deservi-</span> 
     </span>
     <span class='ocr_line' id='line_1_34' title="bbox 221 3819 1850 3905; baseline -0.004 -16"><span class='ocrx_word' id='word_1_344' title='bbox 221 3833 304 3890; x_wconf 85' lang='lat' dir='ltr'>rent.</span> <span class='ocrx_word' id='word_1_345' title='bbox 334 3829 479 3905; x_wconf 79' lang='lat' dir='ltr'>[latoque</span> <span class='ocrx_word' id='word_1_346' title='bbox 510 3824 626 3886; x_wconf 86' lang='lat' dir='ltr'>eisdem</span> <span class='ocrx_word' id='word_1_347' title='bbox 660 3823 819 3885; x_wconf 85' lang='lat' dir='ltr'>Venelieis</span> <span class='ocrx_word' id='word_1_348' title='bbox 849 3823 962 3903; x_wconf 91' lang='lat' dir='ltr'>pretio,</span> <span class='ocrx_word' id='word_1_349' title='bbox 987 3823 1071 3902; x_wconf 89' lang='lat' dir='ltr'>quod</span> <span class='ocrx_word' id='word_1_350' title='bbox 1102 3823 1136 3883; x_wconf 94' lang='lat' dir='ltr'>in</span> <span class='ocrx_word' id='word_1_351' title='bbox 1172 3841 1282 3885; x_wconf 89' lang='lat' dir='ltr'>eorum</span> <span class='ocrx_word' id='word_1_352' title='bbox 1315 3823 1475 3903; x_wconf 89' lang='lat' dir='ltr'>emptione</span> <span class='ocrx_word' id='word_1_353' title='bbox 1506 3843 1539 3884; x_wconf 90' lang='lat' dir='ltr'>se</span> <span class='ocrx_word' id='word_1_354' title='bbox 1573 3822 1696 3883; x_wconf 86' lang='lat' dir='ltr'>dedisse</span> <span class='ocrx_word' id='word_1_355' title='bbox 1726 3819 1850 3902; x_wconf 89' lang='lat' dir='ltr'>probati</span> 
     </span>
     <span class='ocr_line' id='line_1_35' title="bbox 220 3928 1708 4010; baseline -0.005 -14"><span class='ocrx_word' id='word_1_356' title='bbox 220 3940 307 4008; x_wconf 88' lang='lat' dir='ltr'>sunt,</span> <span class='ocrx_word' id='word_1_357' title='bbox 329 3936 459 3995; x_wconf 88' lang='lat' dir='ltr'>cunctos</span> <span class='ocrx_word' id='word_1_358' title='bbox 480 3950 499 3993; x_wconf 89' lang='lat' dir='ltr'>a</span> <span class='ocrx_word' id='word_1_359' title='bbox 520 3930 599 4010; x_wconf 82' lang='lat' dir='ltr'>jugo</span> <span class='ocrx_word' id='word_1_360' title='bbox 621 3930 780 3993; x_wconf 87' lang='lat' dir='ltr'>servitutis</span> <span class='ocrx_word' id='word_1_361' title='bbox 802 3929 936 3992; x_wconf 89' lang='lat' dir='ltr'>redemit</span> <span class='ocrx_word' id='word_1_362' title='bbox 958 3935 1053 4010; x_wconf 90' lang='lat' dir='ltr'>atque</span> <span class='ocrx_word' id='word_1_363' title='bbox 1076 3947 1163 3991; x_wconf 87' lang='lat' dir='ltr'>more</span> <span class='ocrx_word' id='word_1_364' title='bbox 1186 3930 1359 3991; x_wconf 88' lang='lat' dir='ltr'>liberorum</span> <span class='ocrx_word' id='word_1_365' title='bbox 1381 3929 1541 4009; x_wconf 91' lang='lat' dir='ltr'>dcgendcs</span> <span class='ocrx_word' id='word_1_366' title='bbox 1563 3928 1708 3991; x_wconf 82' lang='lat' dir='ltr'>absoluit.</span> 
     </span>
    </p>
   </div>
   <div class='ocr_carea' id='block_1_9' title="bbox 163 4059 1852 5196">
    <p class='ocr_par' dir='ltr' id='par_1_13' title="bbox 225 4059 1852 4468">
     <span class='ocr_line' id='line_1_36' title="bbox 264 4059 1850 4146; baseline -0.005 -16"><span class='ocrx_word' id='word_1_367' title='bbox 264 4072 348 4130; x_wconf 73' lang='lat' dir='ltr'>m</span> <span class='ocrx_word' id='word_1_368' title='bbox 372 4065 452 4146; x_wconf 88' lang='lat' dir='ltr'>ipsis</span> <span class='ocrx_word' id='word_1_369' title='bbox 473 4066 581 4145; x_wconf 89' lang='lat' dir='ltr'>itaque</span> <span class='ocrx_word' id='word_1_370' title='bbox 609 4063 806 4143; x_wconf 90' lang='lat' dir='ltr'>temporibus</span> <span class='ocrx_word' id='word_1_371' title='bbox 828 4063 956 4125; x_wconf 84' lang='lat' dir='ltr'>Ratehis</span> <span class='ocrx_word' id='word_1_372' title='bbox 986 4063 1027 4145; x_wconf 76' lang='lat' dir='ltr'>(p)</span> <span class='ocrx_word' id='word_1_373' title='bbox 1049 4063 1332 4144; x_wconf 88' lang='lat' dir='ltr'>Longobardorum</span> <span class='ocrx_word' id='word_1_374' title='bbox 1368 4083 1434 4138; x_wconf 85' lang='lat' dir='ltr'>rex,</span> <span class='ocrx_word' id='word_1_375' title='bbox 1458 4062 1499 4124; x_wconf 89' lang='lat' dir='ltr'>ad</span> <span class='ocrx_word' id='word_1_376' title='bbox 1522 4061 1708 4142; x_wconf 87' lang='lat' dir='ltr'>capiendam</span> <span class='ocrx_word' id='word_1_377' title='bbox 1740 4059 1850 4122; x_wconf 85' lang='lat' dir='ltr'>civita·</span> 
     </span>
     <span class='ocr_line' id='line_1_37' title="bbox 225 4167 1848 4251; baseline -0.006 -15"><span class='ocrx_word' id='word_1_378' title='bbox 225 4179 289 4237; x_wconf 89' lang='lat' dir='ltr'>lem</span> <span class='ocrx_word' id='word_1_379' title='bbox 310 4173 509 4246; x_wconf 84' lang='lat' dir='ltr'>Perusinum,</span> <span class='ocrx_word' id='word_1_380' title='bbox 532 4171 613 4234; x_wconf 86' lang='lat' dir='ltr'>sicut</span> <span class='ocrx_word' id='word_1_381' title='bbox 634 4176 748 4232; x_wconf 85' lang='lat' dir='ltr'>caetera</span> <span class='ocrx_word' id='word_1_382' title='bbox 767 4170 979 4251; x_wconf 87' lang='lat' dir='ltr'>Pentapoleos</span> <span class='ocrx_word' id='word_1_383' title='bbox 999 4169 1129 4250; x_wconf 90' lang='lat' dir='ltr'>oppida,</span> <span class='ocrx_word' id='word_1_384' title='bbox 1151 4170 1331 4232; x_wconf 86' lang='lat' dir='ltr'>vehementi</span> <span class='ocrx_word' id='word_1_385' title='bbox 1352 4171 1511 4251; x_wconf 86' lang='lat' dir='ltr'>prolcclus</span> <span class='ocrx_word' id='word_1_386' title='bbox 1532 4175 1579 4230; x_wconf 90' lang='lat' dir='ltr'>est</span> <span class='ocrx_word' id='word_1_387' title='bbox 1606 4187 1677 4230; x_wconf 88' lang='lat' dir='ltr'>enm</span> <span class='ocrx_word' id='word_1_388' title='bbox 1700 4167 1848 4247; x_wconf 85' lang='lat' dir='ltr'>indigna·</span> 
     </span>
     <span class='ocr_line' id='line_1_38' title="bbox 227 4271 1850 4360; baseline -0.006 -19"><span class='ocrx_word' id='word_1_389' title='bbox 227 4281 325 4355; x_wconf 86' lang='lat' dir='ltr'>tione,</span> <span class='ocrx_word' id='word_1_390' title='bbox 348 4297 445 4360; x_wconf 89' lang='lat' dir='ltr'>quam</span> <span class='ocrx_word' id='word_1_391' title='bbox 466 4278 496 4340; x_wconf 88' lang='lat' dir='ltr'>ci</span> <span class='ocrx_word' id='word_1_392' title='bbox 517 4275 716 4339; x_wconf 89' lang='lat' dir='ltr'>circumdans</span> <span class='ocrx_word' id='word_1_393' title='bbox 737 4275 860 4338; x_wconf 83' lang='lat' dir='ltr'>fortiter</span> <span class='ocrx_word' id='word_1_394' title='bbox 881 4275 1097 4356; x_wconf 86' lang='lat' dir='ltr'>expugnabat.</span> <span class='ocrx_word' id='word_1_395' title='bbox 1121 4277 1188 4336; x_wconf 90' lang='lat' dir='ltr'>lloc</span> <span class='ocrx_word' id='word_1_396' title='bbox 1219 4275 1350 4337; x_wconf 89' lang='lat' dir='ltr'>audiens</span> <span class='ocrx_word' id='word_1_397' title='bbox 1380 4273 1594 4336; x_wconf 87' lang='lat' dir='ltr'>sanctissimus</span> <span class='ocrx_word' id='word_1_398' title='bbox 1624 4291 1719 4354; x_wconf 86' lang='lat' dir='ltr'>papa,</span> <span class='ocrx_word' id='word_1_399' title='bbox 1750 4271 1850 4334; x_wconf 89' lang='lat' dir='ltr'>cunti-</span> 
     </span>
     <span class='ocr_line' id='line_1_39' title="bbox 227 4380 1852 4468; baseline -0.004 -20"><span class='ocrx_word' id='word_1_400' title='bbox 227 4407 292 4450; x_wconf 89' lang='lat' dir='ltr'>unc</span> <span class='ocrx_word' id='word_1_401' title='bbox 313 4405 369 4468; x_wconf 89' lang='lat' dir='ltr'>spe</span> <span class='ocrx_word' id='word_1_402' title='bbox 390 4385 498 4447; x_wconf 90' lang='lat' dir='ltr'>divina</span> <span class='ocrx_word' id='word_1_403' title='bbox 518 4385 629 4457; x_wconf 79' lang='lat' dir='ltr'>fretus,</span> <span class='ocrx_word' id='word_1_404' title='bbox 654 4382 822 4463; x_wconf 87' lang='lat' dir='ltr'>assumptis</span> <span class='ocrx_word' id='word_1_405' title='bbox 844 4381 1015 4463; x_wconf 88' lang='lat' dir='ltr'>aliquantis</span> <span class='ocrx_word' id='word_1_406' title='bbox 1036 4401 1075 4443; x_wconf 81' lang='lat' dir='ltr'>ex</span> <span class='ocrx_word' id='word_1_407' title='bbox 1097 4400 1154 4443; x_wconf 89' lang='lat' dir='ltr'>suo</span> <span class='ocrx_word' id='word_1_408' title='bbox 1176 4382 1259 4442; x_wconf 86' lang='lat' dir='ltr'>clero</span> <span class='ocrx_word' id='word_1_409' title='bbox 1282 4401 1353 4442; x_wconf 91' lang='lat' dir='ltr'>cum</span> <span class='ocrx_word' id='word_1_410' title='bbox 1389 4380 1605 4462; x_wconf 88' lang='lat' dir='ltr'>optimatibus,</span> <span class='ocrx_word' id='word_1_411' title='bbox 1630 4385 1750 4459; x_wconf 92' lang='lat' dir='ltr'>quantu</span> <span class='ocrx_word' id='word_1_412' title='bbox 1771 4397 1852 4459; x_wconf 91' lang='lat' dir='ltr'>opus</span> 
     </span>
    </p>

    <p class='ocr_par' dir='ltr' id='par_1_14' title="bbox 187 4487 1851 5000">
     <span class='ocr_line' id='line_1_40' title="bbox 187 4487 1850 4575; baseline -0.003 -21"><span class='ocrx_word' id='word_1_413' title='bbox 187 4495 207 4554; x_wconf 82' lang='lat'>5</span> <span class='ocrx_word' id='word_1_414' title='bbox 230 4491 468 4575; x_wconf 86' lang='lat' dir='ltr'>(quantocius‘l)</span> <span class='ocrx_word' id='word_1_415' title='bbox 488 4491 529 4553; x_wconf 90' lang='lat' dir='ltr'>ad</span> <span class='ocrx_word' id='word_1_416' title='bbox 550 4488 693 4552; x_wconf 88' lang='lat' dir='ltr'>eamdem</span> <span class='ocrx_word' id='word_1_417' title='bbox 716 4490 860 4570; x_wconf 88' lang='lat' dir='ltr'>pervenit</span> <span class='ocrx_word' id='word_1_418' title='bbox 880 4488 1052 4562; x_wconf 85' lang='lat' dir='ltr'>civitatem,</span> <span class='ocrx_word' id='word_1_419' title='bbox 1074 4489 1289 4570; x_wconf 89' lang='lat' dir='ltr'>impensisque</span> <span class='ocrx_word' id='word_1_420' title='bbox 1311 4487 1412 4550; x_wconf 89' lang='lat' dir='ltr'>eidem</span> <span class='ocrx_word' id='word_1_421' title='bbox 1443 4488 1511 4566; x_wconf 89' lang='lat' dir='ltr'>regi</span> <span class='ocrx_word' id='word_1_422' title='bbox 1541 4487 1685 4568; x_wconf 89' lang='lat' dir='ltr'>plurimis</span> <span class='ocrx_word' id='word_1_423' title='bbox 1711 4487 1850 4550; x_wconf 91' lang='lat' dir='ltr'>muneri-</span> 
     </span>
     <span class='ocr_line' id='line_1_41' title="bbox 229 4593 1851 4680; baseline -0.006 -20"><span class='ocrx_word' id='word_1_424' title='bbox 229 4601 298 4674; x_wconf 91' lang='lat' dir='ltr'>bus,</span> <span class='ocrx_word' id='word_1_425' title='bbox 322 4606 416 4680; x_wconf 86' lang='lat' dir='ltr'>atque</span> <span class='ocrx_word' id='word_1_426' title='bbox 438 4597 556 4679; x_wconf 91' lang='lat' dir='ltr'>oppido</span> <span class='ocrx_word' id='word_1_427' title='bbox 578 4615 650 4659; x_wconf 90' lang='lat' dir='ltr'>eum</span> <span class='ocrx_word' id='word_1_428' title='bbox 673 4596 858 4677; x_wconf 87' lang='lat' dir='ltr'>deprecans,</span> <span class='ocrx_word' id='word_1_429' title='bbox 880 4595 1057 4676; x_wconf 89' lang='lat' dir='ltr'>opitulante</span> <span class='ocrx_word' id='word_1_430' title='bbox 1079 4595 1224 4669; x_wconf 87' lang='lat' dir='ltr'>Domino,</span> <span class='ocrx_word' id='word_1_431' title='bbox 1253 4595 1293 4656; x_wconf 92' lang='lat' dir='ltr'>ab</span> <span class='ocrx_word' id='word_1_432' title='bbox 1323 4595 1553 4656; x_wconf 87' lang='lat' dir='ltr'>obsessessione</span> <span class='ocrx_word' id='word_1_433' title='bbox 1583 4593 1623 4676; x_wconf 83' lang='lat' dir='ltr'>(l)</span> <span class='ocrx_word' id='word_1_434' title='bbox 1655 4595 1752 4676; x_wconf 90' lang='lat' dir='ltr'>ipsius</span> <span class='ocrx_word' id='word_1_435' title='bbox 1773 4595 1851 4657; x_wconf 64' lang='lat' dir='ltr'>civi.</span> 
     </span>
     <span class='ocr_line' id='line_1_42' title="bbox 227 4699 1850 4782; baseline -0.006 -13"><span class='ocrx_word' id='word_1_436' title='bbox 227 4705 302 4770; x_wconf 85' lang='lat' dir='ltr'>tatis</span> <span class='ocrx_word' id='word_1_437' title='bbox 336 4725 408 4768; x_wconf 91' lang='lat' dir='ltr'>eum</span> <span class='ocrx_word' id='word_1_438' title='bbox 444 4704 574 4767; x_wconf 83' lang='lat' dir='ltr'>amovit.</span> <span class='ocrx_word' id='word_1_439' title='bbox 598 4702 655 4765; x_wconf 80' lang='lat' dir='ltr'>[lui</span> <span class='ocrx_word' id='word_1_440' title='bbox 685 4709 717 4764; x_wconf 90' lang='lat' dir='ltr'>et</span> <span class='ocrx_word' id='word_1_441' title='bbox 747 4703 909 4764; x_wconf 83' lang='lat' dir='ltr'>salutifera</span> <span class='ocrx_word' id='word_1_442' title='bbox 940 4701 1126 4782; x_wconf 83' lang='lat' dir='ltr'>praedicans,</span> <span class='ocrx_word' id='word_1_443' title='bbox 1151 4704 1215 4764; x_wconf 86' lang='lat' dir='ltr'>Deo</span> <span class='ocrx_word' id='word_1_444' title='bbox 1246 4708 1387 4774; x_wconf 88' lang='lat' dir='ltr'>auctore,</span> <span class='ocrx_word' id='word_1_445' title='bbox 1410 4700 1509 4762; x_wconf 88' lang='lat' dir='ltr'>valuit</span> <span class='ocrx_word' id='word_1_446' title='bbox 1543 4701 1684 4762; x_wconf 89' lang='lat' dir='ltr'>animum</span> <span class='ocrx_word' id='word_1_447' title='bbox 1715 4700 1783 4778; x_wconf 87' lang='lat' dir='ltr'>ejus</span> <span class='ocrx_word' id='word_1_448' title='bbox 1817 4699 1850 4760; x_wconf 93' lang='lat' dir='ltr'>in</span> 
     </span>
     <span class='ocr_line' id='line_1_43' title="bbox 227 4805 1849 4895; baseline -0.004 -20"><span class='ocrx_word' id='word_1_449' title='bbox 227 4813 355 4895; x_wconf 87' lang='lat' dir='ltr'>speciali</span> <span class='ocrx_word' id='word_1_450' title='bbox 376 4811 480 4874; x_wconf 90' lang='lat' dir='ltr'>studio</span> <span class='ocrx_word' id='word_1_451' title='bbox 502 4811 656 4872; x_wconf 89' lang='lat' dir='ltr'>inclinare</span> <span class='ocrx_word' id='word_1_452' title='bbox 677 4807 726 4890; x_wconf 74' lang='lat' dir='ltr'>(a).</span> <span class='ocrx_word' id='word_1_453' title='bbox 748 4811 788 4871; x_wconf 81' lang='lat' dir='ltr'>llt</span> <span class='ocrx_word' id='word_1_454' title='bbox 809 4815 881 4890; x_wconf 91' lang='lat' dir='ltr'>post</span> <span class='ocrx_word' id='word_1_455' title='bbox 902 4808 1083 4889; x_wconf 89' lang='lat' dir='ltr'>aliquantos</span> <span class='ocrx_word' id='word_1_456' title='bbox 1105 4809 1170 4870; x_wconf 89' lang='lat' dir='ltr'>dies</span> <span class='ocrx_word' id='word_1_457' title='bbox 1192 4809 1291 4870; x_wconf 84' lang='lat' dir='ltr'>isdem</span> <span class='ocrx_word' id='word_1_458' title='bbox 1316 4807 1444 4870; x_wconf 72' lang='lat' dir='ltr'>llatclris</span> <span class='ocrx_word' id='word_1_459' title='bbox 1467 4826 1532 4880; x_wconf 88' lang='lat' dir='ltr'>rex,</span> <span class='ocrx_word' id='word_1_460' title='bbox 1555 4805 1737 4888; x_wconf 87' lang='lat' dir='ltr'>relinquens</span> <span class='ocrx_word' id='word_1_461' title='bbox 1758 4826 1849 4887; x_wconf 88' lang='lat' dir='ltr'>rega·</span> 
     </span>
     <span class='ocr_line' id='line_1_44' title="bbox 226 4893 1849 5000; baseline -0.006 -17"><span class='ocrx_word' id='word_1_462' title='bbox 226 4921 288 4983; x_wconf 87' lang='lat' dir='ltr'>lem</span> <span class='ocrx_word' id='word_1_463' title='bbox 311 4919 509 5000; x_wconf 87' lang='lat' dir='ltr'>dignitatern,</span> <span class='ocrx_word' id='word_1_464' title='bbox 531 4918 645 4979; x_wconf 86' lang='lat' dir='ltr'>decore</span> <span class='ocrx_word' id='word_1_465' title='bbox 667 4935 738 4977; x_wconf 89' lang='lat' dir='ltr'>cum</span> <span class='ocrx_word' id='word_1_466' title='bbox 763 4934 860 4977; x_wconf 85' lang='lat' dir='ltr'>uxore</span> <span class='ocrx_word' id='word_1_467' title='bbox 882 4922 913 4977; x_wconf 92' lang='lat' dir='ltr'>et</span> <span class='ocrx_word' id='word_1_468' title='bbox 934 4915 1007 4977; x_wconf 86' lang='lat' dir='ltr'>liliis</span> <span class='ocrx_word' id='word_1_469' title='bbox 1029 4915 1069 4977; x_wconf 91' lang='lat' dir='ltr'>ad</span> <span class='ocrx_word' id='word_1_470' title='bbox 1090 4915 1175 4977; x_wconf 90' lang='lat' dir='ltr'>beati</span> <span class='ocrx_word' id='word_1_471' title='bbox 1196 4916 1281 4977; x_wconf 87' lang='lat' dir='ltr'>Petri</span> <span class='ocrx_word' id='word_1_472' title='bbox 1303 4915 1453 4995; x_wconf 89' lang='lat' dir='ltr'>principis</span> <span class='ocrx_word' id='word_1_473' title='bbox 1475 4913 1691 4994; x_wconf 85' lang='lat' dir='ltr'>apostolorum</span> <span class='ocrx_word' id='word_1_474' title='bbox 1714 4893 1849 4994; x_wconf 85' lang='lat' dir='ltr'>conjun-</span> 
     </span>
    </p>

    <p class='ocr_par' dir='ltr' id='par_1_15' title="bbox 163 5021 1849 5196">
     <span class='ocr_line' id='line_1_45' title="bbox 163 5021 1849 5105; baseline -0.004 -15"><span class='ocrx_word' id='word_1_475' title='bbox 163 5029 206 5090; x_wconf 85' lang='lat' dir='ltr'>lO</span> <span class='ocrx_word' id='word_1_476' title='bbox 226 5027 273 5089; x_wconf 82' lang='lat' dir='ltr'>xit</span> <span class='ocrx_word' id='word_1_477' title='bbox 293 5026 415 5101; x_wconf 88' lang='lat' dir='ltr'>limina,</span> <span class='ocrx_word' id='word_1_478' title='bbox 439 5030 631 5105; x_wconf 87' lang='lat' dir='ltr'>acceptaque</span> <span class='ocrx_word' id='word_1_479' title='bbox 653 5041 672 5083; x_wconf 87' lang='lat' dir='ltr'>a</span> <span class='ocrx_word' id='word_1_480' title='bbox 693 5023 825 5103; x_wconf 77' lang='lat' dir='ltr'>praerato</span> <span class='ocrx_word' id='word_1_481' title='bbox 847 5022 1043 5083; x_wconf 88' lang='lat' dir='ltr'>sanctissimo</span> <span class='ocrx_word' id='word_1_482' title='bbox 1065 5039 1150 5102; x_wconf 89' lang='lat' dir='ltr'>papa</span> <span class='ocrx_word' id='word_1_483' title='bbox 1170 5021 1313 5082; x_wconf 89' lang='lat' dir='ltr'>oratione</span> <span class='ocrx_word' id='word_1_484' title='bbox 1349 5021 1543 5102; x_wconf 85' lang='lat' dir='ltr'>clericusque</span> <span class='ocrx_word' id='word_1_485' title='bbox 1573 5021 1713 5097; x_wconf 83' lang='lat' dir='ltr'>allectus,</span> <span class='ocrx_word' id='word_1_486' title='bbox 1738 5039 1849 5083; x_wconf 89' lang='lat' dir='ltr'>mona-</span> 
     </span>
     <span class='ocr_line' id='line_1_46' title="bbox 228 5127 1035 5196; baseline -0.009 0"><span class='ocrx_word' id='word_1_487' title='bbox 228 5133 317 5196; x_wconf 87' lang='lat' dir='ltr'>chico</span> <span class='ocrx_word' id='word_1_488' title='bbox 339 5133 469 5196; x_wconf 89' lang='lat' dir='ltr'>indutus</span> <span class='ocrx_word' id='word_1_489' title='bbox 484 5137 531 5195; x_wconf 88' lang='lat' dir='ltr'>est</span> <span class='ocrx_word' id='word_1_490' title='bbox 550 5130 662 5192; x_wconf 87' lang='lat' dir='ltr'>habitu</span> <span class='ocrx_word' id='word_1_491' title='bbox 684 5147 756 5190; x_wconf 90' lang='lat' dir='ltr'>cum</span> <span class='ocrx_word' id='word_1_492' title='bbox 779 5147 876 5191; x_wconf 87' lang='lat' dir='ltr'>uxore</span> <span class='ocrx_word' id='word_1_493' title='bbox 899 5133 930 5190; x_wconf 88' lang='lat' dir='ltr'>ct</span> <span class='ocrx_word' id='word_1_494' title='bbox 951 5127 1035 5190; x_wconf 86' lang='lat' dir='ltr'>liliis.</span> 
     </span>
    </p>
   </div>
   <div class='ocr_carea' id='block_1_10' title="bbox 738 5436 1255 5486">
    <p class='ocr_par' dir='ltr' id='par_1_16' title="bbox 738 5436 1255 5486">
     <span class='ocr_line' id='line_1_47' title="bbox 738 5436 1255 5486; baseline -0.004 -2"><span class='ocrx_word' id='word_1_495' title='bbox 738 5437 860 5485; x_wconf 72' lang='lat' dir='ltr'>NOTUIAE</span> <span class='ocrx_word' id='word_1_496' title='bbox 880 5436 1075 5485; x_wconf 69' lang='lat' dir='ltr'>nundinantes</span> <span class='ocrx_word' id='word_1_497' title='bbox 1096 5437 1255 5486; x_wconf 71' lang='lat' dir='ltr'>FABROTTI.</span> 
     </span>
    </p>
   </div>
   <div class='ocr_carea' id='block_1_11' title="bbox 96 5657 1848 5816">
    <p class='ocr_par' dir='ltr' id='par_1_17' title="bbox 96 5657 1848 5816">
     <span class='ocr_line' id='line_1_48' title="bbox 96 5657 1848 5749; baseline -0.003 -28"><span class='ocrx_word' id='word_1_498' title='bbox 96 5699 110 5712; x_wconf 86' lang='lat'>-</span> <span class='ocrx_word' id='word_1_499' title='bbox 171 5660 788 5749; x_wconf 41' lang='lat' dir='ltr'>·la)lrrtuteatnm,ll.·(b)d,antelatas.</span> <span class='ocrx_word' id='word_1_500' title='bbox 824 5659 993 5744; x_wconf 63' lang='lat' dir='ltr'>(clarisona.</span> <span class='ocrx_word' id='word_1_501' title='bbox 1031 5659 1203 5744; x_wconf 62' lang='lat' dir='ltr'>(dtmassis.</span> <span class='ocrx_word' id='word_1_502' title='bbox 1241 5659 1355 5736; x_wconf 72' lang='lat' dir='ltr'>(ellade</span> <span class='ocrx_word' id='word_1_503' title='bbox 1369 5657 1775 5744; x_wconf 72' lang='lat' dir='ltr'>Boronaduprcllcmiailll.</span> <span class='ocrx_word' id='word_1_504' title='bbox 1798 5659 1848 5740; x_wconf 71' lang='grc'>’.0)</span> 
     </span>
     <span class='ocr_line' id='line_1_49' title="bbox 134 5731 1615 5816; baseline -0.007 -16"><span class='ocrx_word' id='word_1_505' title='bbox 134 5734 304 5816; x_wconf 77' lang='lat' dir='ltr'>spirituali.</span> <span class='ocrx_word' id='word_1_506' title='bbox 342 5731 749 5814; x_wconf 61' lang='lat' dir='ltr'>(aldenardensem,</span> <span class='ocrx_word' id='word_1_507' title='bbox 787 5731 1004 5806; x_wconf 85' lang='lat' dir='ltr'>(h)obs1drona.</span> <span class='ocrx_word' id='word_1_508' title='bbox 1041 5733 1085 5810; x_wconf 79' lang='lat' dir='ltr'>(r).</span> <span class='ocrx_word' id='word_1_509' title='bbox 1102 5731 1279 5794; x_wconf 70' lang='lat' dir='ltr'>Videbarca.</span> <span class='ocrx_word' id='word_1_510' title='bbox 1295 5734 1331 5792; x_wconf 86' lang='lat' dir='ltr'>ad</span> <span class='ocrx_word' id='word_1_511' title='bbox 1344 5750 1410 5793; x_wconf 82' lang='lat' dir='ltr'>ann.</span> <span class='ocrx_word' id='word_1_512' title='bbox 1426 5738 1538 5792; x_wconf 74' lang='lat' dir='ltr'>Danum</span> <span class='ocrx_word' id='word_1_513' title='bbox 1551 5731 1615 5790; x_wconf 78' lang='lat'>750.</span> 
     </span>
    </p>
   </div>
   <div class='ocr_carea' id='block_1_12' title="bbox 0 0 2037 6164">
    <p class='ocr_par' dir='ltr' id='par_1_18' title="bbox 0 0 2037 6164">
     <span class='ocr_line' id='line_1_50' title="bbox 0 0 2037 6164; baseline 0 0"><span class='ocrx_word' id='word_1_514' title='bbox 0 0 2037 6164; x_wconf 95' lang='lat' dir='ltr'> </span> 
     </span>
    </p>
   </div>
  </div>
 </body>
</html>
