4072 6170
115 210 176 274 'til
501 211 685 278 HISTORIA
707 215 758 280 DE
778 216 881 280 vl'tls
904 217 999 282 ROM.
1022 219 1138 282 ΡΟΝΤ.
1150 220 1373 285 -Jonititiis
1395 224 1445 287 lV.
1762 231 1822 294 718

114 357 182 398 rum
198 345 229 399 et
242 341 457 416 praecipuorum
470 345 604 403 Patrum:
615 347 665 404 sed
681 351 710 404 et
724 349 807 422 sequi
822 347 853 406 iii
863 354 943 421 eo,ut
956 353 984 420 Λ
998 353 1068 407 oret.
1084 350 1121 424 t),
1138 352 1266 424 pontifex
1277 369 1346 410 vero
1361 353 1458 412 irritas
1471 371 1573 414 eorum
1589 374 1657 431 spes
1680 360 1817 431 reddidit,

113 413 191 496 duas
205 415 400 472 confiteamur
421 413 585 473 voluntates
608 419 752 476 contrarie
766 421 803 476 ad
818 418 941 478 invicem
997 423 1105 478 etenim
1122 439 1174 495 pro
1188 439 1221 480 eo
1236 429 1270 482 ut
1284 425 1430 481 Ecthesim
1452 428 1646 496 confirmaret,
1661 446 1725 486 eam
1743 435 1816 489 tam·

111 485 337 567 venientes,l)ec
351 485 471 571 quidem
484 487 579 570 Verbo
589 488 702 547 volente
717 490 941 550 saluberrimam
996 509 1084 564 quam
1120 494 1294 552 amiciusam
1310 495 1494 554 anathemate
1509 500 1817 584 percussittltfartind,

111 572 283 640 passionem
296 557 424 630 explere3
438 563 668 642 incarnationem
684 566 784 644 sutem
800 561 830 618 lii
847 579 880 620 ec
899 563 940 620 fs·
994 566 1072 647 optet.
1090 511 1171 635 altu.)
1191 565 1265 634 Quin
1289 566 1377 623 etiam
1402 568 1529 625 formula
1550 571 1739 640 professionis
1760 589 1820 655 qua

110 632 190 684 ctam
207 628 323 712 obviam
337 633 456 686 euntem
467 646 562 703 ipsius
572 631 715 689 voluntati
726 638 755 690 et
767 649 940 708 oppugnari-
994 637 1097 692 exinde
1113 652 1207 709 usque
1222 638 1259 694 ed
1274 653 1355 694 conc.
1371 653 1468 711 gener.
1484 657 1514 696 vi
1534 641 1580 696 usi
1603 647 1674 698 sunt
1698 645 1818 716 pontifl-

108 702 170 755 tsm
188 703 244 782 :et
257 700 362 782 caindo
377 700 435 758 duo
450 700 596 759 contraria
620 701 750 761 volentes
774 704 938 763 introduci:
994 721 1042 762 cas
1056 706 1149 776 electi,
1163 711 1260 780 aperte
1275 708 1457 766 demonstrat
1469 712 1532 766 tam
1547 711 1716 770 Severinum
1727 731 1816 787 quam

106 771 189 854 quod
205 787 333 844 impium
358 775 405 828 est
427 776 456 829 et
480 777 648 831 extraneum
665 774 849 833 christianici
865 779 938 852 dog·
993 775 1057 848 ejus
1087 795 1271 837 successores
1300 781 1457 836 damnasse
1485 781 1753 852 Monothelismum,
1783 802 1817 844 ac

107 846 211 899 matis.
228 865 243 893 »ι
259 843 360 912 (Lutea
376 858 438 916 syc.
453 845 514 900 sub.
530 843 608 903 liert.
620 859 641 914 r,
656 853 750 904 sceret.
766 847 806 915 3.)
992 848 1114 920 proinde
1137 849 1295 921 lictbesim,
1318 867 1382 924 que
1405 851 1487 908 illam
1509 851 1648 910 baeresim.
1668 855 1817 913 evidenter

144 913 228 970 lianc
256 912 404 972 Ecthesim
428 912 507 988 (lpus
536 916 632 973 clerus
659 917 811 991 proposuit
833 916 938 991 legatis
992 919 1155 976 confirmat.
1172 921 1323 993 Ejusmodi
1338 927 1437 979 autem
1453 923 1595 996 professio
1610 924 1651 981 ita
1671 941 1705 982 se
1727 925 1817 986 habet

107 984 206 1042 Roma
215 984 677 1060 missispetitumabimpcratore
686 987 937 1046 confirmationem
992 990 1063 1061 (rto.
1089 993 1191 1048 Dium.
1218 993 1294 1050 Rom.
1319 994 1409 1061 Post,
1426 1010 1452 1052 c.
1469 1000 1495 1063 ³,
1510 994 1555 1051 tit.
1571 995 1598 1067 6)
1621 1013 1631 1052 :
1654 997 1816 1068 Profitemur

108 1055 266 1132 ofertionis
280 1055 455 1140 beremutut
471 1058 549 1121 idem
564 1056 674 1117 electus
688 1059 714 1116 ei
729 1059 937 1116 subscriberet.
991 1063 1074 1118 etiem
1088 1070 1187 1118 comto
1201 1062 1307 1122 decreto
1327 1066 1488 1192 poutgtoum
1511 1066 1666 1138 apostolice
1688 1067 1769 1135 sedis,
1786 1068 1816 1124 id

106 1127 210 1184 ’iuml
270 1131 330 1184 un
342 1127 552 1198 Romanorum,
568 1129 716 1203 inquiunt,
731 1131 937 1203 Ecclesiaqus
990 1140 1030 1188 est
1052 1141 1155 1190 sanctii
1178 1134 1372 1194 reeordationis
1413 1137 1667 1207 merinidoounic,
1684 1142 1752 1205 etc,
1768 1135 1816 1212 oui

107 1196 227 1255 eboliin
260 1200 936 1274 uacuaque,utpoteseniorcuuctsrumquaeeub
990 1202 1391 1279 odvnsmnovmquoeuioiuc
1414 1209 1445 1264 tu
1470 1209 1538 1264 urbe
1559 1209 1774 1279 lteoiaccortos,
1789 1217 1816 1267 et

108 1269 172 1327 sole
186 1275 260 1327 sunt
273 1269 470 1328 Ecclesiarum
495 1271 633 1328 omnibus
648 1276 762 1356 praest.
786 1273 845 1330 lloc
860 1277 937 1330 certe
988 1275 1102 1346 proprio
1116 1275 1240 1334 doctrim
1253 1285 1351 1336 cundo
1371 1279 1545 1336 siccatorum
1567 1279 1699 1338 rmudoto
1719 1298 1816 1354 cmpu-

109 1341 319 1399 canonicetsm
328 1358 346 1399 a
354 1340 485 1400 conciliis
493 1346 522 1399 ct
531 1343 817 1418 apostolia,qunmab
829 1344 936 1401 borum
990 1353 1060 1402 toste
1072 1356 1232 1414 noscuntur,
1242 1353 1298 1406 etc.

110 1429 229 1470 summo
243 1413 409 1491 principatu
424 1419 581 1471 consecuta
595 1414 668 1471 etin
686 1419 796 1473 sortem
819 1416 935 1488 adepte,
1024 1417 1101 1474 Num
1118 1416 1813 1504 1211116.-Ερὺοοροερεναίυενεαὶοοαηιι-

112 1484 202 1542 nullis
223 1483 343 1541 omnino
387 1488 485 1558 ropter
506 1485 696 1558 pontificatus
724 1486 934 1559 protectionem
988 1503 1063 1543 ciero
1086 1497 1211 1562 quarm.
1236 1489 1424 1548 ordinatione
1446 1508 1505 1548 una
1527 1493 1679 1567 episcopos
1709 1511 1812 1552 novem

112 1503 936 1682 scriptisautsYnoSicarumeditionibuschartarumsub·
988 1557 1105 1616 creavit.

111 1626 310 1714 jectatsicute
324 1625 584 1685 iaminhisomnes
595 1645 630 1684 ex
644 1645 726 1702 aquo
736 1629 763 1686 ei
773 1629 935 1686 secundum
1024 1629 1114 1686 Linea
1126 1631 1154 1685 7.
1170 1661 1205 1672 -
1221 1631 1371 1704 Quietiora
1384 1633 1515 1705 sepultus.
1529 1665 1563 1674 -
1577 1634 1733 1692 Severiuus
1746 1639 1814 1718 post

111 1715 162 1773 Jus
175 1697 352 1756 sacordotale
374 1698 499 1771 subjecti
525 1699 726 1756 consistunt...
745 1699 820 1757 lllud
843 1700 934 1757 etiam
949 1719 973 1784 B
988 1699 1159 1758 damnatam
1174 1701 1204 1758 iii
1220 1704 1329 1776 synodo
1343 1703 1491 1762 Euthesim
1502 1721 1560 1760 non
1574 1705 1624 1762 diu
1640 1707 1811 1779 supervixit,

113 1770 194 1828 robis
207 1773 318 1826 certum
328 1769 743 1843 reddimus,qucdreferamus
758 1769 934 1844 omniaque
990 1787 1059 1827 nam
1073 1788 1141 1828 cuni
1156 1771 1289 1842 sedisset,
1315 1778 1348 1830 ut
1370 1775 1473 1832 scribit
1496 1776 1682 1846 Anastasius,
1705 1793 1812 1835 nuncet

118 1841 223 1898 avobir
237 1844 378 1913 praetenta
402 1845 472 1898 sunt
494 1845 523 1898 et
546 1841 679 1898 chartam
703 1842 893 1900 ostendamus
908 1841 935 1898 ei
988 1841 1065 1910 duos,
1080 1843 1139 1900 dies
1153 1851 1278 1915 quotum,
1293 1843 1427 1917 sepultus
1442 1851 1497 1914 est,
1520 1847 1648 1919 pontifex
1669 1847 1812 1922 singulari

121 1913 168 1986 qui
181 1912 392 1969 consecrandus
411 1916 471 1981 est;
487 1915 516 1969 et
530 1912 556 1968 si
572 1913 740 1995 cogitaverit
765 1913 840 1970 hanc
863 1914 936 1970 bene
988 1913 1095 1986 pietate
1107 1917 1136 1970 et
1150 1913 1298 1989 religione,
1313 1917 1491 1999 benignitate
1512 1920 1541 1974 et
1564 1918 1767 1975 munificentia
1780 1920 1812 1976 in

121 1985 219 2041 habere
233 1983 403 2057 rogabimus
416 1988 557 2042 annotare
570 1983 639 2040 burc
650 1984 798 2058 propriam
808 1985 935 2041 subscri·
989 2001 1132 2058 pauperes
1160 1986 1481 2050 commendatissimus,
1502 1987 1552 2044 sub
1577 1988 1621 2044 die
1644 1997 1740 2062 quarto
1758 1990 1812 2048 fio·

119 2055 249 2129 ptionem.
266 2077 281 2105 ii
296 2055 339 2126 (S.
354 2053 430 2111 Max.
446 2057 526 2128 epist.
546 2054 582 2112 ad
608 2056 744 2126 tholosa,
761 2072 807 2128 ep.
824 2055 933 2112 Collect.
987 2071 1040 2111 riae
1057 2058 1187 2126 Aupusti.
1205 2056 1343 2114 llamdem
1359 2057 1402 2115 illi
1425 2059 1503 2118 sedis
1527 2059 1712 2117 durationem
1727 2061 1813 2117 attri-

119 2126 297 2194 Anostditbl.)
988 2125 1083 2183 buunt
1110 2127 1211 2184 omnia
1233 2127 1410 2201 exemplaria
1431 2129 1589 2199 Anastasii,
1610 2135 1671 2187 tam
1694 2131 1743 2189 viil
1765 2136 1814 2190 ata

153 2196 936 2271 Ejusdemllotheseosexemplummissumsuitedexar-
989 2213 1078 2270 quam
1097 2198 1371 2267 mss.,llcrmannus
1394 2199 1576 2270 Contractus,
1600 2201 1719 2275 Regius,
1744 2148 1813 2261 luit

119 2269 203 2326 chum
217 2268 359 2335 Italiae,ut
372 2267 518 2326 subscribi
533 2273 649 2326 curaret
668 2270 705 2326 ad
719 2267 836 2326 clectos.
853 2269 934 2335 Quod
988 2270 1131 2352 piandus,
1144 2269 1227 2326 Ahbo
1240 2275 1269 2327 et
1282 2270 1427 2329 Honorius
1441 2272 1727 2355 augustodunensis.
1739 2275 1812 2332 Cum

118 2339 226 2398 securii
248 2340 328 2397 haud
352 2339 440 2397 dubie
462 2339 934 2466 iactumirifutsbsntuteorum
988 2343 1087 2412 itaque
1102 2339 1305 2424 disvigesima
1319 2346 1421 2399 octava
1435 2343 1504 2400 Maii
1519 2343 1589 2400 anni
1610 2344 1812 2402 sexcentesimi

118 2429 193 2469 nnus
205 2409 627 2486 patriarcbsdlexandrscribi
650 2410 935 2485 Gpnoseotaprimi·
988 2411 1206 2485 quadragesimi
1220 2413 1374 2471 ordinatus
1394 2414 1482 2470 fuerit
1515 2414 1588 2472 obiit
1610 2416 1711 2474 eodem
1736 2433 1813 2474 anno

118 2483 175 2559 pilo
184 2483 304 2557 (epdyrt
316 2481 352 2540 od
364 2485 443 2555 Seru.
459 2483 599 2540 ad.l.oter.
614 2499 677 2556 syc.
692 2483 743 2540 sut
757 2481 836 2540 dart.
851 2499 871 2552 i,
887 2499 934 2539 se-
988 2482 1085 2554 prima
1098 2482 1209 2540 mensis
1221 2483 1358 2558 Augusti,
1370 2457 1510 2558 postridle
1524 2484 1669 2560 sepultus.

736 2827 883 2900 LXXIV.
911 2826 1183 2903 scodassia

687 2992 770 3042 asro
791 2991 911 3042 essuri
930 2975 1001 3055 639,
1024 2994 1168 3042 samem
1188 2977 1239 3041 30.

234 3299 315 3355 m
336 3293 487 3371 ioannes,
509 3290 639 3354 natione
666 3290 825 3367 Dalmata,
853 3309 893 3354 cx
918 3297 1009 3374 patre
1035 3291 1191 3356 venantio
1218 3290 1417 3368 scholastico,
1446 3291 1527 3356 sedit
1551 3311 1671 3356 annum
1698 3312 1810 3373 unum,

192 3417 312 3464 menses
333 3417 459 3473 novem,
476 3398 543 3462 dics
563 3397 737 3462 octodecim
755 3397 808 3482 (o).
824 3399 881 3462 Hic
902 3399 1099 3482 temporibus
1120 3398 1184 3462 suis
1205 3399 1290 3463 misit
1310 3417 1367 3481 per
1387 3417 1514 3462 omnem
1533 3400 1735 3476 Dalmatiam,
1758 3419 1815 3464 scu

189 3507 324 3582 latriam,
348 3506 466 3568 multas
487 3505 637 3588 pecunias
658 3524 715 3588 per
735 3505 968 3569 sanctissimum
997 3512 1028 3568 et
1056 3505 1274 3568 fidelissimum
1304 3505 1475 3570 Martinum
1503 3506 1663 3582 abbatem,
1685 3510 1816 3589 propter

188 3614 440 3695 redemptionem
462 3613 673 3696 captivorum,
695 3613 751 3694 qui
771 3611 947 3696 depraedati
967 3619 1059 3676 erant
1079 3632 1099 3676 a
1118 3613 1267 3693 gentihus
1286 3611 1340 3695 (b).
1363 3612 1483 3676 liudem
1507 3617 1648 3694 temporo
1669 3613 1743 3677 fecit
1762 3632 1814 3676 ec·

149 3720 359 3784 deocleaism
400 3719 503 3782 beatis
543 3719 735 3800 martyribus
774 3721 944 3799 venantio,
981 3720 1158 3795 Anastasio,
1181 3719 1289 3782 Mauro
1319 3724 1351 3782 et
1378 3720 1448 3782 aliis
1476 3720 1584 3782 multis
1613 3719 1816 3801 martyribus,

186 3829 328 3902 Quorum
349 3826 499 3908 reliquias
520 3825 559 3889 de
580 3826 733 3888 Dalmatis
754 3831 786 3888 et
805 3827 898 3889 istria
918 3826 1033 3890 adduci
1055 3833 1260 3908 praeceperat,
1282 3832 1314 3889 et
1335 3826 1512 3890 recondidit
1540 3846 1594 3889 eas
1621 3828 1654 3888 in
1686 3827 1819 3890 ecclesia

186 3934 402 4018 suprascripte
419 3933 513 4014 juxta
536 3934 653 3996 fontem
676 3935 931 4008 Lateranensem,
952 3933 1046 4014 juiita
1075 3933 1250 3996 oratorium
1278 3933 1364 3995 beati
1384 3934 1517 3996 loannis
1538 3934 1742 4014 evangelista
1765 3933 1819 4016 (c).

192 4060 291 4134 quam
312 4040 439 4104 ornavit
459 4045 491 4104 et
512 4040 638 4102 diversa
658 4040 744 4102 dona
764 4040 891 4102 obtulit.
914 4041 1011 4117 Fecit,
1033 4040 1088 4102 ubi
1108 4058 1218 4121 supra,
1242 4025 1335 4103 arcus
1356 4045 1523 4120 argenteos
1543 4040 1634 4118 duos,
1653 4040 1708 4120 qui
1729 4058 1819 4120 pens.

190 4147 274 4234 sing.
305 4147 362 4210 lib.
386 4149 437 4221 15,
465 4145 560 4210 simul
580 4152 612 4209 at
633 4147 696 4210 alia
724 4164 800 4209 vasa
828 4152 980 4227 argentea
1013 4148 1124 4208 multa.
1148 4147 1235 4208 Fecit
1269 4151 1375 4209 autem
1412 4145 1629 4208 ordinationes
1657 4147 1736 4208 duas
1764 4163 1822 4226 per

139 4255 175 4316 io
194 4272 336 4324 msamm
357 4254 575 4329 Decembrem,
598 4253 799 4336 presbyteros
820 4270 907 4330 xviii,
923 4252 1074 4315 diaconos
1094 4252 1246 4333 quinque,
1262 4252 1426 4334 episcopos
1447 4269 1504 4332 pcr
1524 4251 1649 4314 diversa
1669 4252 1740 4314 loca
1759 4269 1820 4313 nu-

191 4379 283 4432 mero
300 4377 391 4426 iirrii.
414 4360 471 4423 llic
492 4360 612 4423 dimisit
632 4359 719 4423 omni
741 4360 824 4422 clero
846 4377 956 4441 rogam
977 4358 1145 4439 integram.
1171 4358 1231 4431 Qui
1259 4357 1355 4421 atiani
1382 4357 1525 4440 sepultus
1552 4362 1600 4420 cst
1627 4357 1668 4419 ad
1688 4357 1821 4420 beatum

197 4469 328 4542 Petraia
356 4467 536 4552 apostolum
567 4466 627 4531 sub
655 4466 706 4531 die
735 4484 766 4532 ir
791 4467 866 4530 idus
894 4465 1049 4531 Octobris.
1079 4465 1281 4530 inceravit
1319 4463 1518 4548 episcopatus
1553 4482 1694 4528 mensem
1722 4482 1822 4528 unum

198 4575 267 4640 dise
286 4591 356 4648 κω.
1334 4572 1342 4580 “

713 4695 838 4746 iioruns
858 4695 1053 4746 reserantes
1073 4695 1228 4744 ssasorri.

157 4805 192 4882 (o)
206 4807 242 4880 a,
257 4805 363 4869 oiese
400 4805 440 4892 (t)
452 4809 557 4866 aaron.
572 4803 666 4864 Siccos
681 4804 825 4878 instituit.
863 4807 898 4878 (c)
913 4803 1060 4880 Baptista.

795 4935 916 4996 VARIAE
935 4935 1144 4996 usstiuriba.

302 5054 627 5116 mocissenorum
642 5054 767 5112 Lirim.
960 5055 983 5124 0
1125 5049 1520 5123 demdirelteqioldoeorioo
1537 5057 1563 5110 et
1579 5050 1700 5109 ftuouc.

157 5135 238 5194 Num.
255 5136 319 5208 121,
335 5135 375 5196 tin
391 5137 417 5206 1,
433 5131 947 5205 seditsnnum1,mcnsesVlll,dies

129 5207 221 5266 xvtu.
1035 5175 1087 5234 1⁴5²i
1095 5177 1123 5244 2,
1140 5173 1202 5232 dies
1217 5173 1244 5230 9·
1270 5175 1311 5233 litt
1331 5176 1359 5245 3,
1375 5191 1427 5249 por
1442 5175 1638 5233 Sanctumtiii
1651 5177 1679 5248 1,
1716 5175 1746 5232 ui
1761 5191 1828 5249 cap·

158 5357 208 5416 ,„
223 5359 250 5426 ,‚
266 5374 301 5414 ,χ
315 5277 761 5431 „pppissgpgigppffl
778 5357 818 5413 ,,
840 5359 868 5423 ,
997 5191 1828 5391 11111111.1111111111..1

131 5427 221 5486 aa·
237 5429 279 5486 c
293 5430 320 5498 i
337 5429 388 5514 e
403 5428 481 5502 o
602 5443 620 5484 .
633 5427 782 5502 ,......
800 5429 839 5485 c
852 5429 881 5498 i
1002 5387 1761 5534 sciiturusrarenterreret
1775 5387 1827 5513 11

133 5499 949 5644 1111111111111111111111
1003 5531 1187 5662 geppe
1213 5531 1254 5589 c
1348 5534 1446 5607 ,m
1630 5531 1659 5604 ⁵,
1682 5529 1829 5605 ecc

270 5667 349 5742 Apud
362 5669 523 5725 Fabrottum
535 5683 570 5724 ec
583 5665 673 5726 codue
686 5667 807 5724 freheri.

161 5747 214 5812 lain
225 5749 254 5820 2,
269 5747 300 5807 d.
316 5749 361 5826 18,
375 5747 409 5824 B,
425 5745 469 5806 19.
486 5747 527 5806 lio
542 5748 585 5817 11,
602 5747 635 5821 Β,
651 5747 836 5824 presbyteros
849 5748 895 5810 29.
