3998 6158
116 133 171 230 osi
477 161 860 230 ursmauonuus
883 159 979 231 aas.
1003 165 1404 230 aour.-s.msuuns
1426 165 1478 230 vr.
1761 169 1823 233 aa

115 300 258 376 lyciorum
271 299 427 374 metropolis
441 299 549 359 Christo
567 297 696 356 amabilis
719 300 806 358 Cretae
829 302 941 371 inante,
957 304 983 370 Α
1000 317 1067 358 cum
1083 299 1223 358 uxoribus
1239 298 1474 372 conjunctionem
1489 300 1692 372 dissolventes,
1702 303 1747 364 vel
1773 324 1824 366 eos

114 381 140 431 et
152 373 243 430 metm
256 378 348 429 tenens
361 373 445 430 totius
458 371 556 446 suasorii
580 378 682 428 sauctae
696 372 819 428 Ecclesia
844 375 940 429 itomu·
1000 378 1103 428 mutua
1113 371 1432 445 teniporeconvonieuti
1441 373 1653 430 consuetudine
1664 376 1822 457 privantes.

114 452 207 502 aede
248 446 307 500 tens
321 444 480 516 subscripsi,
495 443 611 510 (Concu.
630 441 796 512 Qeioisest.)
811 445 940 517 Quapro·
995 445 1189 509 Quamobrem
1207 443 1231 499 si
1247 442 1313 514 quis
1329 441 1759 521 dignusinventusiuerat,qui
1775 450 1824 534 hy·

114 521 179 590 pter
215 515 251 572 ici
265 519 380 587 oportet
395 531 462 570 oum
483 515 565 570 Petro
585 514 682 570 Mares
695 516 884 571 anastasium
900 513 939 571 lo·
995 515 1185 588 podiueonus,
1197 513 1239 570 vel
1257 513 1455 582 diaconus,vel
1471 516 1622 589 presbyter
1631 517 1822 592 ordinaturus

113 593 250 660 gaiorum
265 587 394 652 numine,
406 585 567 658 intelligere
583 585 817 668 apocrisiarium,
829 591 880 642 eut
894 587 941 642 nd·
995 587 1031 642 ud
1043 587 1130 642 talem
1141 586 1267 668 gradum
1276 584 1386 642 assumi
1400 601 1586 659 nequaquam
1598 589 1788 661 prohibeatur
1797 594 1821 650 si

114 659 297 724 ministrum,
310 658 360 730 qui
372 659 460 728 jussu
482 657 628 730 pontissois
643 659 721 729 apud
743 657 841 714 aulam
867 657 941 713 Con·
996 674 1063 713 cum
1075 657 1207 730 legitima
1217 673 1305 712 uxore
1315 655 1471 712 cohabitet.
1485 657 1541 713 Sed
1558 675 1651 732 neque
1661 661 1824 720 ordinatio-

113 730 345 802 stautiuopoteos
358 727 464 786 morari
475 732 671 796 consueverat,
678 734 815 801 gesturus
826 729 942 812 negotia
996 728 1042 784 nis
1055 733 1186 801 tempore
1197 729 1232 784 ab
1244 744 1276 784 eo
1287 726 1453 800 postuletur
1465 734 1495 782 ut
1507 730 1678 800 profiteatur
1687 749 1719 790 se
1729 751 1746 789 a
1756 734 1824 808 legi·

113 807 224 858 sanct·
236 800 362 860 sedis.et
371 800 396 857 si
406 816 470 872 qua
482 799 540 855 alia
550 797 712 868 evenirent;
724 800 941 870 jnrisdienonis
995 799 1143 856 timaeum
1155 817 1241 855 uxore
1250 799 1463 855 consuetudine
1474 799 1748 860 abstenturum...si
1757 807 1824 878 quis

112 879 213 929 tamen
224 877 381 944 expertam,
394 872 435 927 ita
446 874 480 927 ut
490 871 525 926 de
536 871 624 926 nehus
637 870 767 938 definire,
780 871 941 944 prasertim
996 887 1065 944 ergo
1075 871 1163 928 fuerit
1173 888 1275 936 ausus,
1284 875 1389 942 prater
1400 869 1576 942 apostolicos
1588 889 1714 930 canones
1725 874 1826 934 incita·

113 942 268 1011 momenti,
280 944 391 1015 absque
401 941 520 1014 speciali
533 942 670 998 mandatu
682 959 739 998 uon
756 947 867 1015 posset;
881 943 941 999 solo
998 946 1054 1010 tus,
1068 942 1197 1014 aliquem
1214 957 1315 998 eorum
1330 941 1381 1024 qui
1396 944 1467 997 sunt
1481 941 1511 996 in
1527 941 1629 1010 sacris,
1641 945 1825 1019 presbytero·

112 1015 225 1097 quippe
235 1016 304 1098 juro
316 1012 443 1088 pollebat
453 1030 504 1069 eas
519 1013 672 1079 referendi,
683 1014 850 1087 summique
857 1015 943 1141 fusse
997 1029 1063 1069 rum
1078 1013 1242 1094 inquimus,
1253 1012 1298 1068 vel
1320 1012 1523 1094 diaconorum,
1539 1013 1584 1070 vel
1609 1013 1827 1088 hypodiacone-

112 1086 264 1160 pontificis
274 1085 469 1159 exspectandi.
479 1085 853 1156 Imperatoriustinianusl
875 1085 943 1140 sub-
997 1101 1073 1152 rum,
1087 1085 1294 1156 conjunctione
1317 1099 1385 1140 eum
1409 1083 1435 1140 le
1468 1089 1541 1142 tima
1556 1101 1645 1142 uxore
1660 1090 1689 1143 at
1703 1103 1826 1150 eonsue-

112 1156 236 1232 scripsit
249 1157 364 1230 primus
377 1155 493 1214 concilii
508 1154 648 1224 decretis3
665 1155 695 1212 in
711 1173 829 1212 summa
843 1161 942 1212 nutem
996 1156 1098 1212 tudine
1114 1156 1238 1236 privare,
1250 1155 1424 1228 deponatur.
1437 1099 1580 1212 §imiliter
1594 1159 1624 1213 et
1638 1157 1663 1214 si
1679 1159 1746 1230 quis
1760 1178 1826 1234 pre·

134 1233 200 1285 arte
213 1227 337 1302 catalogi
353 1227 486 1284 omnium
502 1226 622 1282 Petrum
635 1226 717 1284 loeus
733 1225 943 1300 subscriptioni
997 1227 1106 1300 abyter,
1124 1226 1166 1284 vel
1190 1227 1344 1292 diaconus,
1355 1242 1441 1284 suam
1467 1243 1587 1284 uxorem
1609 1227 1728 1300 piatatis
1754 1249 1827 1304 pre·

112 1245 210 1372 Sergii
221 1299 338 1356 debitus
351 1300 407 1354 tuit
417 1297 546 1364 relictus,
556 1296 603 1355 his
613 1298 709 1355 verbis
721 1298 845 1356 demtis:
856 1300 943 1356 torus
997 1302 1077 1354 testu
1093 1297 1220 1370 ejecerit,
1232 1302 1417 1371 segregatum
1432 1302 1462 1354 et
1476 1297 1502 1354 si
1516 1304 1690 1371 perseveret,
1701 1302 1828 1376 depona-

111 1369 944 1444 seoeessmtpepoemmerammensisperspieacius·
998 1373 1071 1426 tur»
1089 1373 1162 1438 (ocra.
1181 1369 1235 1440 13).

113 1442 229 1501 etesius
239 1446 303 1498 tum
313 1441 378 1509 hac,
390 1446 454 1498 tum
469 1457 529 1513 seq.
545 1440 685 1497 sectione.
1034 1439 1240 1497 Pretereahoo
1251 1437 1408 1496 concilium
1418 1438 1764 1502 canoneahabebatatios
1774 1441 1828 1500 mi-

150 1513 403 1584 Num.160‚linea
419 1515 462 1568 ¹2.
474 1541 509 1555 -
519 1514 604 1568 Porro
623 1527 666 1569 eos
690 1520 721 1569 ut
741 1512 877 1569 tanottdos
903 1529 945 1569 re·
998 1510 1282 1584 minereeipiendos,
1297 1509 1394 1582 utqui
1410 1509 1526 1566 admitti
1546 1511 1632 1582 jubet
1655 1511 1785 1587 quinque
1797 1519 1828 1572 et

112 1588 200 1668 spuit.
212 1586 293 1652 Quod
308 1584 453 1658 precipue
464 1583 554 1642 movit
568 1581 736 1656 poutisseem
749 1583 784 1640 ad
801 1583 830 1640 id
847 1583 943 1640 conci·
998 1583 1147 1656 octogiuta
1161 1598 1287 1640 canones
1301 1581 1502 1654 apostolorum
1517 1597 1626 1640 nomeu
1641 1584 1827 1655 preferentes

113 1653 944 1729 liumrejiciendum,tuitepisooporumOrieutistemeri·
1020 1654 1050 1710 ui
1066 1654 1200 1726 prohibet
1215 1652 1364 1725 jejunium
1380 1653 1576 1710 sabbatorum
1592 1655 1826 1728 Quadragesima
1879 1669 1927 1696 ¹·

112 1727 943 1801 tas,quiadversuscatibatumpresbyterorumetdiaco·
998 1670 1125 1792 Herhvel
1150 1724 1180 1782 in
1205 1725 1337 1806 Romana
1351 1723 1489 1792 Ecclesia,
1503 1723 1554 1806 qui
1578 1726 1615 1782 ab
1639 1725 1825 1786 suffocatoet

112 1816 235 1868 norum,
248 1798 473 1856 eumevertendi
491 1797 652 1864 animo,ita
673 1797 853 1854 detminata«
866 1799 942 1864 Quo·
996 1796 1139 1870 sanguine
1167 1796 1307 1854 abstineri
1342 1795 1429 1867 jubet
1468 1793 1606 1862 elericos,
1632 1796 1823 1870 depositionis

112 1871 198 1930 niam
213 1871 350 1929 Romana
366 1868 499 1926 Ecclesia
521 1887 573 1942 pro
597 1869 862 1926 ennonetraditum
877 1885 943 1925 esse
997 1885 1082 1940 poeua
1106 1867 1265 1941 proposita,
1282 1865 1371 1922 laicos
1394 1869 1493 1922 autem
1517 1867 1573 1924 sub
1597 1883 1683 1939 prena
1705 1886 1823 1928 exeom-

113 1943 350 2015 ooguovimusut
385 1939 598 1998 removendiad
610 1939 943 2013 diaconatum,velpree·
997 1937 1216 2006 medicationis,
1228 1955 1262 1995 ac
1276 1938 1397 1994 demum
1412 1937 1462 2020 qui
1482 1942 1559 1994 vetat
1582 1938 1616 1994 de
1640 1938 1699 2012 iugi
1725 1941 1825 1997 Domi·

113 1957 497 2088 aguratumpmiteantur
508 2028 539 2068 se
555 2027 613 2069 non
628 2011 756 2085 amplius
771 2012 833 2068 suis
847 2010 943 2068 uxori·
998 2027 1069 2067 uum
1089 2014 1223 2068 nostrum
1245 2009 1349 2091 iesum
1363 2007 1513 2092 Christum
1537 2008 1592 2064 auh
1617 1955 1712 2084 Kguua
1726 2011 1794 2086 agni
1810 2030 1827 2070 a

113 2085 416 2168 huseonjungendoa
428 2100 491 2154 nos,
503 2082 659 2156 antiquum
671 2099 813 2140 canonem
828 2087 943 2156 aposto·
998 2096 1176 2154 precursore
1197 2080 1309 2138 Joauue
1331 2081 1462 2150 indicati,
1474 2096 1541 2138 cum
1563 2079 1695 2138 Salvator
1718 2099 1826 2156 repre·

114 2157 180 2214 lica
188 2153 944 2230 perfectionis‚ordiniaqueservantes,hominumqui
999 2152 1108 2210 sectari
1123 2157 1238 2208 tantum
1254 2151 1359 2210 debeat
1373 2151 1505 2234 humana
1519 2151 1656 2226 imagine,
1693 2170 1724 2215 er
1738 2171 1827 2228 quam

113 2231 189 2286 suut
203 2227 235 2285 iu
249 2227 341 2285 sacris
355 2226 487 2300 legitima
510 2226 648 2298 conjugia
670 2224 807 2298 deinceps
828 2241 946 2300 quoqne
1000 2241 1103 2284 omnes
1116 2227 1235 2281 cataras
1249 2221 1405 2296 complevit
1420 2223 1491 2296 (ooo.
1506 2225 1535 2292 2,
1551 2221 1596 2292 55,
1613 2224 1659 2292 et,
1671 2169 1730 2295 gt).
1766 2251 1774 2334 Ι

115 2301 207 2357 firma
222 2303 252 2356 et
265 2297 383 2356 stabilia
401 2313 465 2355 esse
479 2297 625 2368 volamus,
637 2313 825 2371 nequaquam
843 2313 944 2353 eorum

674 2609 905 2684 LXXXVII.
945 2609 1173 2682 JOANNES
1212 2609 1274 2680 vl.

724 2776 808 2824 auae
829 2775 948 2822 canisii
970 2759 1042 2834 701,
1065 2775 1180 2820 masau
1202 2759 1232 2820 5.

872 2937 1086 2952 ῃ

248 3063 494 3125 micaenas
528 3062 732 3137 V1‚natione
769 3066 907 3138 Graecus,
930 3062 1011 3125 sedit
1045 3081 1146 3124 annos
1182 3067 1255 3138 tres,
1281 3043 1403 3124 menses
1436 3061 1528 3137 duos,
1551 3063 1617 3149 dies
1650 3064 1829 3128 duodecim.

204 3168 278 3232 Fuit
299 3173 405 3232 autem
428 3170 624 3250 temporibus
644 3169 761 3233 'tiberii
788 3169 933 3250 Augusti.
957 3169 1057 3250 Hujus
1088 3169 1283 3250 temporibus
1303 3168 1391 3232 venit
1411 3169 1677 3252 theophylactus,
1702 3172 1830 3238 cubicu-

205 3275 304 3338 larius
325 3277 475 3357 petricius
496 3283 528 3338 et
548 3277 703 3340 exarchus
725 3275 836 3350 ltaliae,
859 3277 898 3338 de
920 3283 1010 3358 parte
1041 3275 1209 3339 Siciliain
1231 3275 1342 3338 urbem
1373 3277 1517 3338 Romam.
1541 3276 1637 3357 Cujus
1657 3279 1830 3344 adrentum

203 3387 429 3464 cognoscentes
451 3382 493 3466 (a)
514 3383 627 3446 militia
649 3384 744 3445 totius
765 3383 864 3446 ltaliae
900 3385 1093 3446 tumultuose
1116 3383 1262 3445 convenit
1285 3381 1370 3462 apud
1401 3381 1483 3446 hanc
1514 3386 1688 3447 itomanam
1720 3385 1830 3448 civita-

161 3493 278 3566 atem,
302 3489 412 3552 volens
433 3492 601 3571 prefatum
633 3490 804 3553 exarchum
837 3490 1000 3552 tribulare.
1021 3491 1085 3552 Pro
1117 3487 1207 3569 cujus
1229 3489 1269 3571 (b)
1293 3489 1444 3571 pontifex,
1468 3509 1507 3553 ne
1529 3491 1735 3572 affligeretur,
1756 3511 1830 3576 par·

203 3611 293 3672 sona,
316 3614 383 3659 sese
406 3595 542 3659 medium
564 3595 603 3678 (r)
625 3597 722 3670 dedit,
747 3601 853 3677 portas
884 3597 1019 3659 civitatis
1050 3596 1171 3670 clausit,
1197 3596 1374 3658 sacerdotes
1405 3596 1491 3678 apud
1521 3597 1686 3673 fossatum,
1709 3599 1741 3662 ia
1767 3620 1831 3682 quo

202 3705 236 3766 in
259 3722 358 3766 unum
379 3709 603 3778 convenerant,
629 3703 723 3773 misit,
747 3709 780 3765 et
802 3704 929 3766 monitis
954 3704 1145 3766 salutaribus
1176 3705 1402 3766 tumultuosam
1433 3722 1542 3766 eorum
1574 3705 1759 3770 seditionem
1780 3727 1830 3771 se-

203 3809 301 3873 davit.
324 3812 406 3874 Dum
429 3829 502 3878 vero
523 3809 658 3873 infames
680 3811 826 3892 quaedam
849 3831 992 3892 persunae
1020 3811 1194 3891 capitulare
1224 3810 1373 3872 adversus
1394 3811 1548 3891 quosdam
1572 3813 1722 3876 Romanas
1745 3815 1831 3877 urhis

203 3916 399 3978 habitatores
430 3917 586 3989 iecissent,
609 3921 641 3978 et
671 3917 901 3997 praenominato
933 3917 1083 3991 exarcho,
1107 3923 1141 3978 ut
1163 3936 1182 3980 a
1204 3917 1339 3998 propriis
1369 3917 1553 3980 substantiis
1583 3918 1828 3997 denudarentur,

140 4028 180 4089 {0
203 4023 396 4098 tribuissent,
419 4023 452 4084 hi
469 4022 564 4103 juxta
585 4023 634 4086 sui
655 4023 759 4106 operis
782 4041 909 4104 prauam
932 4023 974 4108 (d)
998 4024 1125 4086 multati
1145 4030 1230 4084 suot.

246 4138 328 4193 m
350 4129 388 4212 (e)
409 4130 529 4192 Deinde
557 4147 632 4192 sero
662 4130 738 4191 dum
769 4129 939 4211 Gisolphus
962 4129 996 4212 (s)
1019 4130 1084 4192 dux
1106 4132 1208 4210 gentis
1239 4131 1522 4210 Langobardorum
1551 4133 1829 4210 Beneventanum

199 4235 289 4300 omni
322 4255 380 4298 sua
414 4236 529 4300 virtute
549 4237 583 4298 iu
606 4236 811 4317 Campaniam
847 4236 978 4314 veniret,
1001 4237 1149 4298 incendia
1170 4241 1201 4298 et
1222 4236 1472 4316 depredationes
1507 4237 1623 4300 mattas
1658 4247 1828 4316 enarraret,

198 4344 404 4426 captivosque
432 4362 496 4405 non
523 4325 645 4426 'paucos
676 4343 820 4424 cepisset,
843 4351 995 4425 eiusque
1026 4343 1061 4404 in
1085 4343 1194 4406 'locum
1217 4343 1272 4424 qui
1293 4346 1414 4406 Horrea
1443 4343 1569 4417 dieitur,
1592 4345 1745 4408 fossatum
1777 4348 1830 4410 fle-

200 4453 249 4512 ret
262 4447 317 4532 (p),
341 4447 511 4530 nullusque
532 4449 703 4512 exstitisset
724 4449 778 4530 qui
801 4449 830 4510 ei
852 4448 1005 4530 potuisset
1026 4449 1181 4524 resistere,
1196 4447 1420 4510 denominatus
1442 4449 1585 4530 pontifex
1607 4450 1709 4512 missis
1730 4471 1830 4516 sacer·

156 4555 328 4618 Motibus
364 4573 435 4618 eum
470 4555 652 4636 apostolicis
687 4555 838 4628 donariis,
862 4555 1025 4618 universos
1056 4555 1197 4636 captivos
1231 4555 1270 4616 de
1305 4573 1413 4618 eorum
1450 4555 1597 4618 manibus
1632 4558 1774 4636 redemit,
1798 4565 1831 4622 et

200 4660 291 4724 ilium
314 4680 384 4724 cum
408 4681 465 4724 suo
487 4662 577 4724 hoste
601 4661 640 4744 (h)
663 4661 704 4724 ad
734 4662 864 4742 propria
890 4661 1042 4744 repedare
1064 4662 1149 4724 tecit.
1174 4662 1229 4722 iiic
1263 4661 1338 4723 iecit
1358 4662 1389 4722 in
1413 4660 1544 4723 basilica
1578 4662 1662 4726 beati
1695 4651 1854 4730 Andreae'

203 4768 351 4850 apostoli,
374 4787 446 4850 qua
467 4770 596 4849 ponitur
616 4769 700 4830 iutra
721 4768 884 4830 ecelesiam
918 4767 1003 4830 beati
1031 4769 1116 4830 Petri
1146 4767 1301 4848 Principis
1321 4769 1549 4849 apostotorum,
1571 4769 1740 4834 ambonem
1771 4793 1830 4836 no-

204 4873 296 4937 viter.
320 4875 376 4938 Hic
397 4894 493 4957 super
514 4875 613 4938 attare
648 4873 787 4936 ecclesiae
822 4873 924 4938 sancti
957 4875 1054 4937 Marci
1089 4875 1321 4956 coopertorium
1356 4875 1440 4952 iecit,
1464 4879 1495 4936 et
1515 4875 1547 4935 in
1581 4875 1712 4939 basilien
1744 4878 1831 4942 beati

203 4981 294 5072 Pauli
316 4983 452 5063 apostoli
472 4982 555 5045 iuter
576 4982 739 5046 columnae
760 4981 869 5043 altaris
890 4980 1020 5044 dextera
1045 4981 1188 5062 levaque
1209 4981 1279 5066 aeta
1300 4981 1383 5043 athe.
1407 4982 1464 5044 Hic
1494 4983 1568 5044 iecit
1596 4983 1828 5049 ordinationem

205 5087 475 5170 presbyterorum,
497 5109 552 5152 seu
573 5087 779 5152 diaconorum
807 5107 914 5163 unam,
938 5087 971 5150 id
1001 5092 1059 5161 est,
1082 5085 1282 5168 presbyteros
1312 5106 1436 5165 novem,
1460 5088 1610 5152 diaconos
1632 5091 1720 5154 duos.
1744 5095 1830 5156 Fecit

141 5193 186 5258 10
205 5199 313 5258 autem
334 5200 366 5258 et
386 5213 443 5276 per
463 5196 588 5260 diversa
608 5197 679 5258 ioca
700 5195 866 5277 episcopos
886 5195 1079 5276 quindecim.
1103 5193 1163 5268 Oui
1191 5193 1286 5256 etiam
1318 5195 1460 5275 sepultus
1490 5203 1537 5260 est
1558 5197 1598 5262 ad
1619 5197 1748 5262 hostum
1769 5200 1828 5260 Pe·

202 5305 288 5364 bum
311 5301 506 5384 apostolum
529 5306 560 5364 et
581 5304 714 5365 cessavit
734 5301 934 5384 episcopatus
956 5319 1096 5364 mensem
1119 5319 1229 5374 unum,
1253 5300 1320 5362 dies
1341 5303 1527 5366 octodecim.

714 5449 841 5499 XOTULAE
862 5450 1054 5499 XAXGIMLES
1075 5451 1232 5498 etenum.

156 5559 404 5641 (e)oeguoaeens.
440 5562 481 5628 (b)
496 5577 548 5690 im
562 5561 648 5633 cujus
668 5576 802 5634 persona.
841 5559 876 5633 (o)
890 5561 920 5615 in
937 5559 1067 5642 medium
1087 5559 1242 5626 fossatum,
1256 5557 1349 5646 idest,
1364 5557 1601 5615 castoomitttum.
1638 5555 1700 5640 idi*
1716 5571 1828 5616 meree·

120 5629 240 5770 {inoffi
259 5631 479 5763 uchaevabmte)
516 5631 864 5692 rdedoronmtcaoto‘d.
903 5633 939 5702 (tt
955 5629 1162 5704 a1su1puuse.
1202 5631 1704 5768 (o)*iecissetltmortruposctaset.
1743 5630 1827 5706 (mii,
