4048 6174
212 165 296 265 toas
785 189 993 258 lnusrlsn
1014 192 1340 261 araurorauouau.
1814 203 1878 274 tue

333 332 416 388 ΗΒ
437 319 497 398 001
518 321 686 406 pradictus
707 343 763 388 rex
784 331 856 407 post
877 328 1008 390 multam
1031 329 1176 392 duritiem
1199 329 1368 392 inclinatus
1390 333 1437 394 est
1456 327 1536 394 fines
1563 331 1785 398 acromatum
1809 339 1880 404 urbis
1972 329 1973 414 ζ

291 433 425 496 dilatare
445 430 527 492 sicut
548 430 693 512 primitus
714 432 938 496 detinebantur
959 435 1019 517 (u)r
1040 438 1078 496 st
1099 436 1180 498 duas
1201 441 1308 516 partes
1329 437 1479 500 territorii
1500 437 1634 500 Gaesenoe
1655 438 1745 502 castri
1769 441 1805 506 ad
1821 463 1880 526 par·
1972 463 1973 466 ’

292 547 354 603 tem
377 537 568 620 Reipublicae
590 539 736 601 restituit.
764 541 902 602 Tertiam
928 559 1000 603 vero
1022 547 1144 622 partem
1175 543 1214 604 do
1245 543 1355 604 eodem
1387 549 1491 608 castro
1521 543 1579 606 sub
1610 544 1737 610 obtentu
1764 549 1880 626 retinuit,

290 647 369 709 inito
391 646 560 708 constituto
582 651 738 726 utusque
760 647 801 709 ad
821 647 979 708 Kalendas
999 648 1094 724 lunii,
1119 649 1193 710 dnm
1217 648 1285 730 ejus
1307 649 1394 710 missi
1415 649 1543 730 aragia
1571 655 1792 714 reverterentur
1811 656 1881 732 urbe,
1972 711 1973 736 ,

252 755 375 818 bidem
398 757 545 825 castrum,
571 757 601 814 ct
622 753 747 814 tertiam
772 759 906 832 partem,
929 772 1024 834 quam
1049 754 1188 836 pignoris
1211 774 1307 818 causa
1328 755 1502 830 detinebat,
1525 756 1608 836 parti
1635 757 1814 837 Reipublice
1832 781 1883 822 res·
1972 739 1973 810 l

291 863 429 923 titueret.
453 861 527 920 Post
549 858 615 920 baeo
637 864 742 920 autem
764 860 791 920 is
812 860 879 940 ipse
901 878 955 920 rex
977 879 1120 940 egressus
1141 861 1180 922 de
1201 861 1271 923 loco
1293 862 1325 922 in
1348 862 1451 924 locum
1474 862 1636 941 usquead
1658 863 1781 937 Padum,
1801 865 1884 930 eidem
1972 915 1973 950 ,

293 972 400 1030 sancto
421 965 489 1027 viro
510 965 673 1026 convietus
695 963 736 1046 (b)
758 984 830 1026 curn
853 965 995 1027 deduxit.
1018 969 1053 1028 ln
1075 987 1138 1046 quo
1161 967 1229 1028 luco
1251 968 1279 1029 ei
1295 967 1496 1030 valefaciens
1517 986 1590 1032 cum
1604 968 1886 1047 dignaordiuatione

293 1093 365 1138 eum
389 1070 425 1155 (0)
449 1071 663 1152 repedandum
685 1071 831 1154 absolvit,
854 1073 933 1134 dans
961 1073 993 1134 in
1023 1073 1210 1154 obsequium
1240 1073 1308 1154 ejus
1338 1073 1434 1136 duces
1462 1078 1493 1134 et
1523 1073 1673 1154 primates
1702 1093 1781 1150 suos,
1798 1077 1846 1138 sed
1862 1085 1887 1140 et

294 1182 372 1244 alios
393 1179 487 1254 viros,
511 1178 566 1257 qui
586 1197 670 1259 saepe
696 1178 779 1240 dieta
809 1180 1040 1241 Rauennatium
1062 1180 1221 1242 territoria
1249 1186 1281 1244 et
1310 1181 1470 1244 Gaeseude
1500 1186 1639 1244 castrum
1669 1181 1844 1257 reddereut;
1862 1189 1887 1246 et

235 1291 274 1356 10
293 1290 339 1352 ita
358 1289 476 1350 tactum
499 1290 557 1348 est.
1972 1277 1973 1286 ¹

335 1429 415 1484 m
445 1421 599 1500 Operatus
633 1425 681 1480 est
715 1424 821 1481 autern
849 1420 932 1481 Deus
959 1418 1156 1494 mirabiliter,
1188 1426 1219 1482 et
1253 1420 1482 1482 Rauennatium
1514 1425 1609 1500 atque
1638 1419 1887 1501 Pentapolensiun
1957 1425 1973 1456 '³

294 1529 429 1612 populos
449 1528 489 1589 al)
510 1527 714 1607 oppressione
736 1531 768 1586 et
788 1526 968 1589 calamitate
989 1546 1052 1607 qua
1073 1527 1112 1589 de
1138 1527 1317 1600 inebantur,
1341 1527 1498 1600 liberarit,
1521 1535 1554 1588 et
1583 1525 1717 1589 saturati
1744 1533 1812 1589 sunt
1836 1530 1890 1589 iru-

295 1643 411 1712 mento,
425 1635 494 1698 oleo
509 1640 541 1696 et
561 1634 646 1695 riae.
659 1636 828 1713 Regressus
850 1639 955 1696 autem
979 1634 1009 1695 in
1033 1635 1143 1696 urbem
1166 1637 1433 1709 Romanam‚eum
1455 1633 1602 1696 omnibus
1624 1633 1679 1714 qui
1698 1651 1799 1696 secum
1818 1640 1891 1696 crant

296 1745 412 1826 gratias
433 1748 563 1822 agentes
585 1740 628 1822 (d)
647 1742 722 1812 Deo,
746 1739 851 1802 denuo
873 1740 978 1801 natale
1000 1741 1166 1803 beatorum
1195 1741 1372 1822 principum
1403 1741 1621 1820 apostolorum
1651 1740 1735 1802 Petri
1762 1745 1791 1801 et
1816 1741 1890 1802 Pauli

255 1849 476 1942 bcumpmni
497 1847 615 1928 populo
637 1846 818 1919 celebravit,
843 1851 875 1908 et
895 1865 961 1909 sese
992 1848 1025 1908 iu
1056 1847 1252 1909 orationibus
1273 1847 1368 1923 dedit,
1402 1853 1512 1925 petens
1543 1847 1583 1908 ab
1614 1845 1817 1926 omnipotenti
1840 1847 1890 1908 lteo

296 1955 543 2020 misericordiam
565 1958 595 2015 et
617 1953 864 2016 consolationem
886 1953 955 2015 fieri
975 1955 1094 2035 populo
1117 1953 1346 2016 Ravennatium
1377 1959 1410 2016 et
1440 1956 1583 2016 Romano
1615 1953 1655 2015 ab
1685 1953 1850 2014 insidiatore
1867 1959 1892 2014 et

296 2067 496 2146 persecutore
517 2060 572 2123 illo
593 2060 788 2140 Luitprando
812 2079 896 2140 rege.
919 2060 1016 2140 Cujus
1038 2079 1146 2142 preces
1167 2079 1230 2122 non
1253 2061 1428 2140 despiciens
1449 2059 1556 2136 divina
1571 2058 1749 2134 elementia,
1771 2057 1892 2120 eumdem

296 2189 402 2251 regem
424 2173 498 2231 ante
519 2167 602 2228 diem
624 2167 769 2248 superius
791 2167 998 2230 constitutum
1021 2167 1059 2230 de
1081 2167 1141 2229 bac
1162 2167 1319 2230 subtraxit
1339 2167 1421 2242 luce,
1444 2172 1476 2228 et
1506 2166 1627 2247 quierit
1651 2167 1751 2228 omnis
1771 2184 1893 2246 persecu-
1924 2229 1925 2232 ,

295 2277 351 2339 tio.
375 2279 569 2354 Factumque
591 2279 639 2335 est
658 2273 808 2352 gaudium
832 2292 897 2334 non
919 2275 1021 2336 solum
1044 2274 1195 2337 Romanis
1216 2283 1247 2335 et
1270 2273 1515 2349 Ravennatibus,
1539 2273 1592 2334 sed
1616 2273 1710 2334 etiam
1733 2273 1813 2353 genti
1830 2275 1895 2334 Lon·

236 2389 276 2450 10
296 2371 521 2466 gobard'orum,
553 2379 704 2460 quoniam
738 2385 769 2442 et
797 2379 1038 2459 Aldeprandum
1068 2385 1215 2460 nepotem
1245 2399 1348 2455 suum,
1381 2399 1475 2462 quem
1506 2379 1574 2462 ipse
1605 2381 1774 2461 reliquerat
1799 2397 1895 2460 regem,

297 2490 481 2554 malivolum
502 2487 705 2570 projecerunt
726 2486 765 2548 de
787 2505 897 2566 regno,
920 2492 951 2548 et
981 2487 1163 2561 itachianis,
1186 2487 1241 2567 qui
1262 2488 1365 2548 lueret
1395 2488 1469 2564 dux,
1500 2487 1560 2549 sibi
1589 2487 1787 2567 Langobardi
1813 2487 1895 2566 elege-

297 2603 372 2660 runt
392 2597 425 2658 in
448 2614 565 2676 regem.
588 2594 635 2654 Ad
657 2613 751 2674 quem
775 2593 870 2654 missa
892 2594 1043 2656 relatione
1064 2593 1102 2674 (e)
1125 2593 1191 2674 ipse
1213 2593 1412 2655 beatissimus
1434 2594 1576 2675 pontifex
1598 2593 1749 2656 continuo
1770 2593 1808 2655 ob
1827 2611 1896 2654 rere·

297 2704 431 2768 rentiam
454 2701 605 2784 principis
627 2700 853 2782 apostolorum,
878 2707 910 2762 et
930 2697 997 2780 ojus
1019 2699 1164 2782 precibus
1185 2699 1355 2763 inclinatus
1378 2699 1431 2782 (s),
1456 2701 1620 2781 00000001
1642 2701 1895 2780 uigintiannorum

297 2811 434 2894 spatium
454 2809 535 2872 inita
556 2827 634 2890 paee
655 2807 820 2869 universus
840 2807 940 2869 ltaliae
961 2807 1081 2889 quievit
1102 2807 1251 2888 populus.

338 2952 421 3007 m
443 2942 500 3004 llic
519 2941 552 3003 in
573 2940 778 3022 Lateranensi
800 2939 991 3020 patriarchio
1013 2946 1087 3003 ante
1116 2940 1279 3003 basilicam
1301 2941 1404 3004 beate
1426 2941 1587 3003 memorias
1607 2941 1769 3004 'dheodori
1789 2957 1896 3022 papea

297 3070 380 3114 novo
402 3049 477 3112 lecit
495 3048 541 3130 (p)
562 3048 746 3116 triclinium,
769 3045 854 3128 quod
886 3047 1017 3109 diversis
1047 3049 1257 3110 marmoribus
1278 3053 1310 3110 et
1330 3049 1420 3122 sitio,
1443 3047 1579 3111 metallis
1607 3055 1707 3130 atquc
1737 3049 1845 3110 musivo
1872 3051 1895 3106 et

297 3157 423 3240 pictura
443 3155 580 3229 ornavit,
604 3154 657 3216 sed
680 3159 711 3216 et
732 3154 829 3215 saeris
849 3153 1041 3234 imaginibus
1063 3159 1127 3215 tam
1149 3155 1322 3217 oratorium
1345 3155 1431 3216 beati
1451 3155 1593 3218 silvestri
1614 3173 1774 3237 quamque
1793 3159 1821 3216 ct
1839 3169 1896 3234 per·

299 3265 396 3327 ticum
417 3261 588 3325 decorarit.
612 3260 673 3325 Ubi
693 3260 789 3322 etiam
812 3267 844 3323 et
863 3279 990 3322 omnem
1012 3260 1222 3322 substantiam
1244 3279 1334 3323 suam
1356 3281 1414 3342 per
1435 3279 1548 3323 manus
1569 3263 1731 3324 Ambrosii
1755 3257 1899 3343 primicerii

258 3371 495 3434 beolariorum
525 3367 687 3431 introduci
717 3367 890 3430 mandavit.
915 3369 1003 3430 Fecit
1023 3373 1129 3431 autem
1150 3387 1169 3430 a
1190 3369 1405 3430 fundamentis
1436 3377 1508 3431 ante
1530 3367 1683 3432 scrinium
1717 3371 1898 3431 Lateranense

298 3478 456 3559 porticum
478 3481 573 3555 utque
594 3480 724 3548 turrem,
749 3473 803 3534 ubi
833 3479 865 3534 et
894 3481 1002 3554 portas
1025 3493 1121 3536 aereas
1148 3480 1242 3556 atque
1273 3474 1430 3538 cancellos
1459 3475 1607 3550 instituit,
1642 3481 1676 3539 et
1705 3495 1761 3556 per
1790 3474 1898 3553 liguram

298 3582 470 3654 salvatoris
492 3581 535 3662 (a)
556 3584 629 3642 ante
650 3581 734 3642 iores
756 3579 891 3641 ornarit.
915 3583 954 3642 Et
977 3599 1033 3660 per
1056 3581 1261 3642 ascendentes
1282 3580 1382 3644 scalas
1396 3582 1428 3642 in
1444 3581 1662 3664 superioribus
1676 3579 1898 3663 superesmdem

298 3695 419 3751 turrem
441 3686 624 3760 triclinium,
647 3692 679 3747 et
699 3685 857 3748 cancellos
884 3703 983 3748 aereos
1011 3687 1196 3748 construxit.
1220 3687 1282 3751 Ubi
1311 3694 1343 3750 et
1373 3687 1459 3751 orbis
1493 3693 1653 3751 terrarum
1684 3686 1897 3768 descriptionem

302 3794 456 3878 depinxit,
479 3798 573 3874 atque
594 3792 724 3854 dirersis
745 3792 906 3855 versieulis
927 3793 1062 3866 ornarit,
1086 3798 1117 3854 et
1138 3811 1232 3856 omne
1253 3794 1481 3874 patriarchium
1514 3813 1595 3876 pene
1616 3813 1638 3858 a
1659 3813 1741 3858 noro
1767 3799 1898 3856 restaura·

239 3904 280 3966 10
301 3903 365 3977 sit3
388 3902 420 3962 in
452 3918 568 3980 magna
600 3899 684 3962 enim
719 3899 853 3980 penuria
882 3898 1028 3962 eumdem
1059 3899 1162 3961 locum
1194 3901 1369 3962 invenerat.
1399 3901 1454 3964 llio
1485 3901 1518 3963 in
1549 3903 1685 3966 ccclesia
1712 3899 1897 3984 apostolorum

300 4008 479 4091 principum
501 4007 588 4069 Petri
608 4011 641 4069 et
660 4006 751 4068 Pauli
773 4005 943 4086 pendentia
964 4005 1034 4067 vela
1053 4005 1137 4068 inter
1157 4011 1321 4069 columnas
1352 4027 1390 4069 ex
1419 4009 1531 4090 palleis
1560 4009 1679 4090 Syrieis
1701 4009 1738 4091 (ι’)
1762 4007 1838 4070 iecit.
1856 4002 1899 4064 llio

298 4115 331 4180 in
352 4115 485 4178 ecclesia
506 4114 649 4195 praedicti
670 4111 821 4194 principis
841 4113 1057 4192 apostolorum
1090 4131 1200 4175 omnes
1230 4113 1353 4176 codices
1382 4114 1496 4176 domus
1523 4135 1588 4178 suae
1618 4115 1775 4197 proprios,
1805 4108 1897 4194 quiin

294 4223 416 4286 circulo
438 4221 514 4286 anni
535 4222 684 4301 leguntur
704 4219 744 4282 ad
766 4219 951 4296 matutinos,
966 4219 998 4280 in
1023 4219 1153 4280 armarii
1174 4237 1269 4299 opere
1290 4219 1528 4284 ordinavit.liie
1547 4223 1678 4286 01001010
1702 4223 1813 4286 cultam
1830 4221 1896 4278 Lau·

300 4337 403 4394 retum
424 4329 469 4412 (ι)
491 4328 615 4390 0001100
643 4327 812 4403 ordinarit,
845 4326 996 4406 adjiciens
1025 4332 1057 4388 et
1086 4344 1223 4388 massam
1252 4328 1458 4392 Fonteianam
1488 4329 1542 4412 (lr),
1574 4349 1647 4410 ques
1678 4325 1893 4408 mercabatur

240 4439 279 4500 15
298 4436 460 4500 Pannaria
481 4433 527 4520 (l).

342 4577 428 4632 m
448 4567 505 4630 llic
525 4566 637 4648 viginti
657 4567 727 4628 auri
747 4565 845 4628 libras
868 4584 924 4646 pro
946 4564 1079 4628 emendo
1098 4560 1170 4628 ¹oleo
1192 4584 1309 4644 annue,
1331 4573 1368 4629 ut
1388 4568 1426 4630 de
1448 4569 1536 4632 luem
1557 4587 1669 4631 eorum
1695 4569 1728 4632 in
1749 4559 1897 4629 luminariis

299 4675 353 4758 (m)
377 4675 558 4757 apostolicis
579 4674 735 4755 proficiat,
757 4672 903 4746 instituit,
928 4677 960 4734 et
980 4672 1188 4734 constitutum
1210 4672 1268 4734 suh
1290 4675 1502 4738 anathematis
1523 4675 1649 4739 vinculo
1679 4673 1832 4755 obligarit.
1850 4665 1895 4730 1110

302 4783 377 4846 10011
396 4786 514 4843 restem
536 4799 631 4862 super
651 4781 750 4842 altare
771 4779 857 4841 beati
878 4780 962 4842 Petri
982 4798 1022 4842 ex
1043 4797 1121 4841 auro
1143 4785 1275 4860 textam,
1298 4781 1469 4845 habentem
1491 4784 1694 4846 Nativitatem
1724 4777 1837 4844 Domini
1854 4771 1897 4835 liei

302 4893 335 4952 et
353 4889 527 4951 Salratoris
549 4887 649 4951 nostri
661 4888 742 4950 ¹lesu
769 4887 895 4962 Christi,
926 4887 1114 4968 ornavitque
1143 4905 1212 4949 eam
1243 4889 1377 4967 gemmis
1410 4890 1565 4971 pretiosis.
1595 4891 1760 4972 ,Simulque
1787 4890 1816 4949 et
1842 4879 1895 4943 relt

262 4995 282 5060 0
302 4993 403 5057 serica
423 4994 565 5075 alithyna
585 4999 734 5075 quatuor,
757 5013 828 5076 quea
849 4999 880 5056 et
901 4993 1026 5056 ornarit
1046 5011 1118 5055 eum
1149 4995 1227 5058 rotis
1247 4994 1291 5077 (n)
1312 5001 1345 5059 et
1364 4997 1560 5060 ornamentis
1581 4997 1676 5060 variis
1707 5013 1782 5060 auro
1810 4986 1895 5053 textis·

818 5329 943 5380 aarum
962 5328 1157 5380 namanes
1176 5330 1341 5392 araneam.

265 5611 304 5682 (a)
316 5626 393 5738 2⁰⁰⁵
408 5607 545 5682 primitus
560 5604 718 5662 detinebat.
756 5603 1570 5676 (bteumdemsanctumvirumconvinealieomitatus.
1609 5605 1737 5678 (e)G.ad.
1772 5601 1896 5674 [pagens.

264 5685 316 5752 (0),
339 5680 525 5809 ,leffiationa
552 5679 664 5762 (0000.
703 5676 741 5750 (0)
761 5675 791 5745 C,
807 5677 963 5760 renovavit.
1001 5680 1041 5748 (t)
1057 5677 1334 5762 &pergulsmsala
1372 5679 1526 5764 (dsericls.
1564 5673 1897 5782 (jtq,oeouttambuur0t·

230 5759 305 5824 tum.
343 5751 380 5828 (t)
420 5753 658 5821 ,Fontrmanam
697 5750 776 5827 (011,
794 5747 948 5812 Parnasia.
986 5751 1033 5824 (m)
1048 5753 1081 5822 G,
1096 5767 1126 5805 m
1142 5748 1348 5810 luminaribus.
1387 5753 1429 5824 (a)
1445 5751 1681 5822 G,mRbodrors.
1696 5753 1768 5816 ltin
1780 5745 1854 5801 retis·
