4072 6170
210 137 275 226 aas
786 121 1344 208 salsrssuaranrorancaau.
1828 75 1876 204 m

294 263 447 330 confiteri.
482 259 550 333 Oua
585 257 625 322 de
659 277 693 322 re
725 257 908 340 hujusmodi
942 259 1129 340 pravitatem
1165 279 1254 322 suam
1289 258 1473 332 defendens,
1497 258 1582 340 quod
1614 279 1770 344 nunquam
1799 285 1880 332 neca

236 380 274 438 10
295 369 452 453 prioribus
474 365 628 428 haereticis
649 369 878 446 praesumptum
899 371 956 441 est,
979 365 1047 446 ipse
1068 366 1109 426 in*
1122 366 1175 426 lile
1198 365 1239 446 (a)
1260 384 1452 447 praesumere
1473 364 1593 428 studuit
1613 366 1644 427 in
1665 372 1779 431 tautum
1792 370 1839 454 (l),
1855 381 1883 437 ut

294 477 394 540 altare
415 479 531 537 sancta
553 478 668 534 nostrae
690 471 783 546 sedis,
806 471 891 552 quod
913 477 983 534 erat
1002 473 1035 534 iu
1057 471 1152 534 domo
1173 471 1320 535 Placidiae
1343 478 1501 535 sacratum
1522 473 1556 533 in
1583 474 1750 536 venerabili
1776 481 1883 542 oraculo

294 585 490 658 subvertens,
513 580 674 662 diriperet,
711 579 884 661 prohibens
918 597 957 642 ne
992 578 1186 644 adorandam
1222 583 1254 641 et
1287 579 1527 642 immaculatam
1563 577 1695 642 hostiam
1729 583 1886 662 apocrisarii
1982 591 1983 594 ’

297 690 396 754 nostri
417 688 534 750 ibidem
549 688 619 747 nso
641 683 754 746 offerre
774 683 909 760 valeant,
935 702 992 746 nec
1015 684 1247 748 communionis
1267 691 1466 747 sacramenta
1486 684 1672 766 percipiant.
1688 685 1745 758 Oui
1763 687 1888 753 videlicet

296 793 480 880 apocrisarii
501 812 540 856 ex
561 790 772 874 praeceptione
794 789 928 870 apostol.
951 791 1150 855 auctoritatis
1177 800 1417 858 commoverunt
1446 811 1530 869 eum,
1555 796 1590 854 ut
1620 792 1659 854 de
1689 793 1744 854 teli
1761 792 1887 860 heretico

236 911 272 972 {5
295 906 417 968 intentu
442 899 610 962 recederet.
633 899 761 959 Necnon
783 901 815 959 et
835 898 1006 960 contestari
1027 898 1085 959 visi
1106 903 1180 960 sunt
1201 896 1253 980 (c),
1275 898 1547 984 persecutionibus
1581 897 1708 960 diversis
1736 916 1801 961 cum
1832 901 1888 965 alib

273 1009 481 1076 ‚orthodoxis
510 1005 596 1079 viris,
628 1009 660 1066 et
688 1003 921 1066 venerabilibus
956 1004 1172 1067 sacerdotibus
1206 1005 1367 1070 insecutus
1386 1010 1434 1068 cst
1454 1024 1508 1067 eos
1541 1003 1597 1086 (d),
1620 1005 1767 1086 quosdam
1798 1025 1886 1070 corun

296 1115 447 1181 custodie
468 1111 643 1184 retrudens,
667 1109 745 1172 alios
766 1109 797 1171 in
820 1109 965 1171 exsilium
987 1111 1170 1192 deportans,
1199 1111 1278 1172 alios
1306 1129 1413 1176 amena
1444 1109 1628 1174 verberibus
1648 1110 1889 1194 romaricense).

297 1225 417 1299 Quibus
438 1238 519 1302 pene
540 1235 665 1280 omnem
689 1216 842 1278 mundum
863 1215 1126 1281 conturbantibus
1147 1235 1186 1279 ex
1206 1216 1338 1280 diversis
1358 1217 1439 1286 loeis
1457 1217 1618 1302 querelam
1649 1221 1756 1279 contra
1782 1236 1829 1280 cos
1857 1219 1889 1280 ad

296 1327 501 1412 apostolicam
523 1330 662 1388 nostram
697 1322 803 1386 sedem
839 1323 967 1404 plurimi
1002 1323 1171 1386 orthodoxi
1205 1323 1353 1387 detulisse
1387 1329 1617 1394 monstrantur.
1640 1321 1844 1404 Oonjurantes,
1862 1331 1890 1388 nt

236 1441 276 1502 ΞΟ
297 1437 393 1500 totius
415 1433 543 1495 malitiae
567 1437 725 1510 tantaeque
746 1429 917 1492 eversionis
938 1448 994 1510 per
1015 1430 1221 1511 apostolicam
1242 1430 1461 1492 auctoritatem
1483 1427 1730 1511 abscindentis)
1753 1447 1890 1492 marmen-

296 1550 364 1607 turn
389 1559 397 1602 :
420 1545 575 1622 quatenus
596 1536 725 1598 minime
747 1535 843 1598 totius
865 1535 1032 1619 corpuslqi
1053 1535 1219 1599 catholicae
1241 1535 1389 1616 Ecclesia
1410 1534 1555 1625 nocibilis
1575 1555 1687 1608 eoram
1705 1534 1850 1600 ectheseos
1859 1535 1892 1619 (l)

296 1652 433 1729 languor
453 1644 650 1724 disrumpere
671 1642 786 1704 valeat.

339 1763 417 1817 m
455 1753 543 1816 'lunc
575 1748 730 1811 lllartinus
764 1747 980 1814 sanctissimus
1014 1767 1051 1810 ac
1084 1748 1282 1812 beatissimus
1317 1747 1482 1830 episcopus
1513 1749 1607 1825 misit,
1646 1754 1677 1812 et
1717 1749 1893 1834 congregavit

297 1857 514 1942 episcopusin
537 1855 647 1917 urbem
670 1857 802 1916 Romam
834 1874 966 1917 numero
997 1863 1123 1917 centum
1154 1861 1186 1917 et
1216 1857 1366 1936 quinque,
1390 1860 1422 1916 et
1451 1855 1525 1917 lecit
1559 1855 1715 1936 synodum
1744 1855 1891 1920 secundun

298 1967 477 2028 institutum
500 1963 535 2044 (a)
555 1963 685 2022 Petrum
721 1961 969 2022 orthodoxorum
997 1962 1030 2023 in
1067 1962 1198 2025 ecclesia
1232 1961 1405 2024 Salvatoris
1434 1960 1528 2042 juxta
1563 1961 1755 2043 episcopium
1785 1964 1892 2029 batem

298 2082 405 2127 nense.
443 2059 630 2124 sedentibus
674 2058 828 2138 episcopis
867 2064 899 2119 et
933 2059 1134 2140 presbyteris,
1167 2059 1341 2120 astantibus
1376 2058 1516 2122 diaconis
1558 2065 1590 2122 el
1633 2060 1715 2122 clero
1755 2059 1890 2134 uniuerso.

257 2170 588 2234 aeondemmvemnt
624 2163 738 2245 Cyrum
783 2163 1044 2240 Alexandrinum,
1081 2166 1236 2246 Sergium,
1271 2166 1428 2246 Pyrrhum
1470 2171 1502 2228 et
1545 2166 1679 2229 Paulum
1723 2166 1894 2248 patriarebas

298 2272 673 2354 Constantinopolitanae,
698 2270 754 2351 qui
788 2271 944 2332 novitates
978 2278 1089 2332 contra
1122 2271 1359 2335 immaculatam
1395 2271 1490 2334 fldem
1525 2251 1792 2354 praesumpserunt
1821 2273 1893 2342 inne.

298 2392 392 2449 ctere.
429 2379 551 2461 Quippe
586 2377 737 2459 quoniam
771 2377 872 2458 ipsam
908 2377 1076 2440 excludere
1110 2383 1318 2459 properantes
1348 2378 1571 2442 hereticorum
1602 2379 1782 2460 dogmatum
1803 2385 1895 2446 contra

298 2489 486 2555 catholicam
499 2485 556 2548 Dei
577 2483 748 2547 Ecclesiam
770 2483 985 2546 contusionem
1008 2484 1278 2547 concinnaverunt
1292 2483 1337 2566 (j),
1351 2483 1562 2548 anathematis
1585 2485 1706 2551 ultione
1727 2483 1894 2567 percauta)

298 2603 372 2662 sunt
391 2595 438 2679 (l).
461 2595 537 2667 Ouae
573 2589 711 2672 synodus
745 2589 840 2653 hodie
875 2589 1002 2654 archivo
1037 2591 1184 2654 Ecclesiae
1219 2591 1409 2655 continetur.
1432 2595 1473 2655 Et
1500 2592 1623 2655 laciens
1653 2591 1835 2674 exemplaria
1851 2608 1895 2673 per

239 2712 279 2773 lO
297 2722 407 2770 omnes
440 2704 560 2763 tractus
594 2697 731 2761 Orientis
765 2701 797 2759 et
832 2696 1007 2760 Occidentis
1041 2697 1167 2773 direxit,
1190 2703 1222 2761 et
1255 2717 1312 2779 per
1347 2716 1460 2762 manus
1494 2698 1748 2763 orthodoxorum
1776 2697 1894 2762 fidelium

299 2807 525 2876 disseminavit.
561 2804 641 2886 lpsis
675 2803 785 2866 diebus
818 2803 934 2867 direxit
966 2803 1141 2887 imperator
1183 2805 1217 2868 in
1252 2803 1377 2868 ltaliam
1407 2805 1588 2889 Olympium
1625 2805 1842 2870 cubicularium
1870 2808 1896 2866 ct

299 2917 470 2984 exarchum
492 2912 533 2975 ad
554 2910 725 2992 regendam
746 2928 873 2972 omnem
908 2910 1047 2987 ltaliam,
1070 2910 1256 2993 praecipiens
1291 2916 1322 2974 et
1351 2910 1459 2975 dicens
1482 2914 1648 2994 :Oportet
1682 2911 1807 2994 gloriam
1826 2916 1895 2972 tuan

300 3032 335 3091 ut
354 3027 436 3089 sicut
456 3021 546 3086 nobis
573 3018 728 3100 suggessit
760 3018 880 3080 Paulus
913 3019 1096 3099 patriarcha
1126 3017 1222 3100 hujus
1243 3037 1262 3081 a
1282 3022 1347 3082 Deo
1377 3019 1603 3084 conservande
1638 3021 1726 3084 urbis
1755 3036 1894 3102 peragere.

299 3137 339 3198 Et
373 3132 400 3194 ei
434 3128 563 3210 quidem
596 3123 754 3187 inveneris
789 3123 985 3205 provinciam
1020 3125 1121 3207 ipsam
1156 3125 1404 3188 consentientem
1438 3125 1472 3188 in
1507 3131 1583 3209 typo
1613 3145 1636 3190 a
1656 3126 1747 3190 nobis
1777 3126 1895 3208 exposito

240 3245 278 3305 ts
300 3245 408 3304 tenere
427 3253 549 3309 omnes,
572 3231 627 3314 qui
648 3231 692 3294 ibi
712 3237 795 3306 sunt,
821 3229 994 3312 episcopos,
1018 3238 1050 3293 et
1070 3230 1236 3295 haereticos
1257 3249 1473 3313 possessorum
1495 3231 1548 3315 (m)
1569 3237 1668 3314 atque
1696 3231 1896 3304 habitatorum,

301 3353 333 3412 et
353 3343 546 3429 peregrinos,
583 3345 616 3403 et
649 3339 682 3400 in
714 3337 826 3400 eodem
860 3335 1061 3400 subscribant
1082 3337 1136 3420 (n).
1160 3338 1194 3400 Si
1215 3343 1320 3400 autem
1342 3337 1502 3418 quomodo
1523 3339 1615 3401 nobis
1638 3340 1788 3422 suggessit
1804 3338 1896 3401 Platon

301 3455 457 3538 gloriosus
478 3447 640 3532 patricius,
654 3449 686 3508 et
706 3444 884 3526 Eupraxius
905 3444 1072 3524 gloriosus,
1089 3445 1254 3527 potueritis
1269 3443 1402 3509 suadere
1422 3445 1574 3509 exercitui
1594 3445 1715 3510 ibidem
1729 3441 1896 3516 consistenti,

296 3563 447 3644 jubemus
468 3553 569 3618 teneri
589 3553 773 3629 Martinam,
795 3552 851 3633 qui
871 3551 922 3613 hic
944 3557 1012 3614 erat
1031 3551 1243 3633 apocrisarius
1262 3552 1296 3614 in
1318 3549 1406 3634 regia
1437 3553 1525 3616 urbe.
1547 3557 1587 3616 tt
1621 3553 1817 3636 postmodum
1843 3567 1896 3612 on·

299 3688 357 3732 nes
378 3663 524 3729 ecclesias
546 3661 685 3740 relegere
707 3677 792 3734 eum,
813 3659 889 3739 quia
910 3659 1011 3721 lactus
1033 3663 1081 3721 est
1101 3677 1120 3720 a
1141 3657 1233 3720 nobis
1255 3657 1452 3722 orthodoxus
1473 3663 1579 3740 typus,
1601 3665 1636 3721 et
1656 3678 1764 3724 omnes
1784 3651 1898 3739 episcopi

240 3782 280 3842 20
301 3774 401 3838 ltaliae
422 3770 455 3832 in
476 3769 545 3849 ipso
567 3765 776 3829 subscribant.
800 3765 834 3829 si
854 3768 960 3827 autem
981 3764 1167 3829 inveneritis
1188 3763 1228 3847 (o)
1250 3765 1445 3828 contrarium
1476 3765 1509 3826 in
1538 3764 1594 3826 tali
1625 3783 1722 3828 causa
1752 3761 1897 3828 exercitum
1982 3803 1983 3806 η

300 3882 431 3947 tacitum
462 3874 748 3950 habetote,'donec
778 3872 976 3935 obtinueritis
999 3871 1041 3955 (p)
1064 3873 1278 3955 provinciam;
1301 3878 1334 3934 et
1369 3872 1533 3954 potueritis
1567 3874 1658 3936 vobis
1688 3871 1846 3936 exercitum
1865 3863 1897 3946 (q)

301 4003 486 4070 aggregare,
509 3989 615 4044 tamen
637 3983 788 4042 Romanae
810 3979 946 4040 civitatis
967 3984 1063 4060 atque
1084 3979 1275 4040 Ravennatis
1296 3977 1347 4060 (r),
1371 3985 1408 4040 ut
1428 3997 1466 4040 ea
1487 3997 1558 4060 quae
1589 3997 1609 4041 a
1644 3980 1735 4042 nobis
1764 3977 1897 4060 precepta

300 4102 383 4170 sunt,
408 4089 596 4176 quantocius
616 4088 743 4169 explere
764 4087 894 4149 valeatis
909 4085 956 4168 (a).

341 4199 503 4274 moui
538 4196 706 4280 pradictus
740 4193 904 4275 Olympius
937 4191 1065 4256 veniens
1098 4191 1131 4254 in
1153 4193 1312 4256 civitatem
1347 4193 1523 4256 itomanam
1558 4193 1681 4257 invenit
1701 4195 1831 4256 sanctam
1851 4186 1896 4248 lte

233 4369 239 4382 .
300 4329 429 4376 menam
463 4304 632 4370 Ecclesiam
669 4300 881 4364 coadunatam
917 4318 989 4361 cum
1023 4297 1171 4361 omnibus
1205 4297 1361 4380 episcopis
1394 4299 1506 4375 ltaliae,
1529 4317 1583 4362 seu
1606 4297 1826 4370 sacerdotibus,
1857 4286 1895 4350 vel

301 4421 396 4484 clero.
419 4417 459 4478 Et
491 4413 600 4476 volens
632 4409 765 4490 implere
797 4426 835 4490 ea
864 4425 935 4488 quae
966 4407 997 4469 ei
1023 4405 1113 4485 jussa
1147 4410 1230 4480 sunt,
1254 4423 1366 4468 amans
1396 4424 1503 4468 secum
1539 4406 1714 4469 exercitum
1733 4398 1846 4467 virtutis
1863 4393 1899 4476 (t).
1982 4463 1983 4492 ¹

302 4523 404 4588 voluit
424 4519 560 4584 schisma
580 4520 699 4580 sanctae
720 4512 861 4576 eeclesia
884 4511 929 4595 (a)
948 4513 1170 4575 intromittere.
1193 4515 1259 4574 Hoc
1287 4530 1345 4593 per
1373 4511 1547 4594 plurimum
1576 4517 1703 4595 tempus
1731 4514 1829 4573 actum
1854 4503 1899 4564 est·

300 4635 341 4694 Et
375 4647 440 4692 non
474 4626 564 4689 illum
599 4622 800 4702 omnipotens
834 4623 917 4682 Oeus
955 4618 1099 4700 permisit
1132 4637 1204 4700 quae
1238 4617 1401 4681 nitebatur
1434 4619 1597 4700 perficere.
1634 4617 1751 4681 Videas
1781 4629 1848 4692 ergo
1874 4621 1900 4666 st

303 4755 324 4798 a
350 4739 460 4798 sancta
494 4730 551 4793 Dei
585 4727 743 4791 catholica
777 4732 872 4808 atque
908 4725 1083 4807 apostolica
1117 4724 1256 4788 Ecclesia
1287 4728 1483 4806 superatum,
1506 4743 1633 4788 necesse
1667 4722 1778 4786 habuit
1805 4717 1900 4780 desua
1982 4783 1983 4812 1

304 4840 395 4923 quasi
431 4819 531 4899 mala'
549 4835 726 4898 intentione
760 4833 932 4908 declinare,
957 4838 993 4896 ut
1026 4833 1112 4913 quod
1147 4851 1210 4894 non
1246 4831 1350 4913 potuit
1384 4850 1441 4912 per
1475 4849 1606 4894 menum
1635 4835 1788 4894 armatam
1807 4824 1898 4886 facem.

304 4938 363 5002 sub
397 4935 545 4998 heretico
581 4932 675 5020 modo
705 4930 744 5014 (v)
779 4950 836 5012 per
873 4931 1039 4994 missarum
1082 4931 1236 4994 solemnia
1269 4931 1302 4992 in
1337 4929 1469 4993 ecclesia
1510 4930 1567 4993 Dei
1608 4933 1724 4992 sanctas
1763 4910 1900 4989 Oenitricis
1982 4935 1983 5022 ᾗ

820 5108 946 5156 llO'l‘ULAE
967 5107 1164 5156 enucleatus
1185 5105 1346 5154 assuesci.

263 5229 432 5309 (a)lllicire.
471 5227 507 5300 (b)
524 5225 904 5284 intantumverevesanim
920 5223 1214 5298 prorupit,utaltare.
1249 5212 1899 5292 (acommovemnteumutmhrausheresu
1982 5259 1983 5264 ,

228 5306 388 5365 intentione
402 5299 556 5358 recederet.
569 5299 687 5355 Necnon
702 5301 731 5353 ct
745 5296 902 5353 contestari
913 5313 980 5352 eum
992 5295 1070 5369 jussi
1085 5298 1164 5352 sunt.
1198 5294 1237 5366 id)
1252 5293 1342 5350 atille
1355 5293 1516 5350 insecutus.
1546 5296 1619 5368 (eid,
1631 5290 1801 5352 submittens
1826 5273 1900 5359 iiiii·

229 5379 423 5438 scinderetur.
453 5371 489 5499 (g)
501 5375 595 5426 totam
610 5385 727 5441 corpus.
766 5369 805 5436 (b)
815 5367 1004 5424 executionis.
1039 5365 1227 5440 (i)instituta.
1260 5365 1294 5438 (j)
1310 5365 1563 5446 continuaverunt.
1598 5358 1785 5439 (llpemussi.
1812 5343 1899 5426 (llicit

230 5455 322 5508 Beroe
336 5448 371 5505 ad
386 5463 442 5502 ean
479 5443 568 5499 omini
580 5439 644 5496 649.
674 5439 722 5512 (m)
738 5444 770 5506 B,
782 5439 971 5511 prolcssores.
999 5437 1038 5512 (n)
1049 5437 1139 5494 iacias
1149 5441 1247 5492 tenere
1262 5453 1365 5492 omues
1377 5451 1427 5508 qur
1439 5435 1548 5493 ibidem
1563 5442 1643 5506 sunt,
1654 5433 1808 5508 episcopos,
1817 5427 1843 5480 θῐ
1851 5431 1900 5492 1³⁰⁹·

229 5537 369 5587 sessores,
385 5522 472 5600 atquc
488 5513 666 5570 habitatores
681 5509 821 5566 ineodcm
838 5509 1031 5566 subscribere.
1062 5506 1263 5582 (o)inveneris.
1293 5507 1332 5580 (p)
1343 5507 1516 5564 obtinueris.
1542 5508 1582 5590 (q)
1592 5509 1741 5582 majorem.
1769 5485 1899 5574 (ΜΝ
1982 5555 1983 5560 ,

230 5594 367 5650 Romanas
378 5587 515 5653 civitatis,
531 5599 620 5658 quam
632 5588 661 5643 et
670 5581 857 5642 Ravennatis.
900 5581 934 5658 (a)
948 5580 1056 5640 valeas.
1100 5580 1130 5658 (t)
1145 5577 1176 5640 O.
1190 5577 1335 5642 exercitae
1348 5578 1465 5638 virtute.
1507 5579 1589 5660 (rem
1613 5566 1898 5641 aeramentorum·

229 5666 268 5749 (v)
281 5660 456 5742 subreptitio
471 5658 567 5720 modo.
