4052 6164
116 91 195 153 i325
514 93 697 157 HISTORIA
720 93 771 155 Dii
792 92 893 156 vltis
916 92 1011 156 ilObi.
1034 92 1148 155 Post.
1164 127 1203 138 —
1217 93 1248 155 S.
1275 94 1347 156 tao
1371 92 1420 155 tv.
1746 96 1825 161 l326

147 264 151 272 .
188 224 298 298 pariter
312 239 345 280 ae
359 225 525 282 sacerdotes
540 224 640 282 incola
655 225 779 293 urbis,et
792 225 920 282 universi
937 225 1053 282 ordines
1069 224 1246 282 clericorum
1267 227 1373 282 sanctae
1390 225 1538 282 catholicae
1554 230 1583 283 at
1596 227 1760 300 apostolicae
1772 230 1826 288 iio·

188 338 281 378 mana
297 306 510 394 EcclesiaeJpost
525 322 684 393 litaniaa,et
699 323 870 396 psalterium
888 322 1155 388 decantatum‚cum
1169 321 1286 395 hymnis
1302 328 1330 378 et
1344 322 1465 379 canticis
1477 323 1657 396 spiritalibus
1669 329 1825 398 periclum

188 436 340 476 murorum
356 419 499 476 ambitum
515 419 602 476 nudis
618 421 742 492 pedibus
755 420 880 477 cinerem
897 425 1046 494 portantes
1061 420 1090 476 in
1106 421 1201 493 eapite
1215 420 1414 490 circumnatat
1431 421 1505 477 inter
1521 409 1671 478 cateraab
1682 423 1828 498 episeopis

132 519 169 574 20
188 516 387 574 cardinalibus
403 533 509 589 aquam
526 517 588 574 lieri
604 517 785 574 benedictam
804 518 949 591 precepit,
967 525 998 574 ut
1013 519 1089 574 iuter
1103 519 1268 574 orationum
1285 518 1390 586 cilicia,
1408 535 1515 590 nquam
1531 519 1625 592 ipsam
1636 523 1825 580 transcuntes

187 631 240 688 per
254 631 373 672 murum
387 613 628 670 sanctificationis
640 614 735 688 gratia
745 616 857 687 jactare
872 614 1050 672 omnimodis
1065 613 1249 672 studuissent
1266 631 1272 670 :
1290 614 1351 688 qui,
1369 619 1401 670 ut
1415 617 1452 672 ab
1467 633 1501 672 eo
1513 618 1632 688 jussum
1649 618 1753 686 iuerat,
1770 617 1826 676 hu·

188 710 299 769 militer
313 715 498 786 peregerunt.

223 809 301 867 ΜΔ
316 811 380 882 lpse
394 812 493 866 autem
508 809 682 867 venerabilis
697 810 826 884 pontifex
840 826 890 868 ors
915 827 968 868 suo
994 815 1053 867 tres
1078 828 1167 884 super
1191 811 1330 867 eumdem
1346 827 1466 867 murum
1480 811 1626 868 orationes
1643 813 1743 871 multis
1759 831 1827 872 cum

186 906 325 981 iacrymis
340 923 373 964 ac
389 906 526 980 suspiriis
540 908 630 976 dedit,
647 925 753 982 rogans
768 924 801 964 ae
817 914 918 981 patens
932 911 965 963 ut
979 908 1134 980 sepedicta
1147 907 1258 975 civitas,
1274 911 1303 964 et
1326 907 1436 963 Christi
1451 914 1672 966 conservaretur
1686 910 1715 966 in
1733 927 1827 967 avum

187 1004 337 1072 auxilio,et
351 1008 519 1061 sanatorum
535 1004 668 1060 omnium
684 1003 914 1078 angelorumque
928 1002 1062 1076 prasidio
1074 1004 1109 1060 ab
1120 1002 1254 1060 universo
1270 1003 1458 1062 inimieorum
1474 1022 1578 1061 secura
1588 1010 1616 1062 et
1630 1005 1828 1079 imperterrita

188 1103 359 1176 perduraret
373 1102 506 1158 incursu.
532 1101 663 1158 Primum
689 1100 814 1173 denique
830 1101 991 1158 orationem
1007 1099 1075 1157 iecit
1089 1116 1178 1172 super
1193 1104 1307 1174 portam
1323 1117 1387 1173 quae
1403 1101 1524 1174 respicit
1539 1103 1575 1158 ad
1590 1107 1725 1158 sanetum
1742 1104 1826 1160 Pere-

150 1203 169 1257 5
187 1199 405 1274 grinum‚cujus
432 1199 500 1255 linis
523 1203 553 1254 et
576 1199 755 1271 principium
778 1198 835 1255 tale
851 1203 896 1255 est
909 1215 915 1254 :
932 1199 965 1266 tlt
978 1198 1012 1263 sit
1023 1198 1057 1263 sle
1070 1199 1152 1265 Deos,
1177 1201 1228 1271 pai
1251 1200 1371 1270 apostolo
1395 1207 1440 1255 tuo
1463 1205 1547 1256 Petro
1570 1200 1680 1256 collutis
1705 1201 1829 1258 cicuitus

186 1300 268 1371 repnt
280 1299 393 1354 celestis
408 1295 517 1367 iipoadi
529 1304 608 1369 atque
623 1297 748 1353 soluendi
757 1297 932 1369 pontificium
946 1295 1098 1364 tradidisti,
1108 1295 1233 1364 concede,
1247 1304 1278 1352 ut
1293 1298 1492 1352 intercessionis
1507 1298 1563 1370 ejass
1578 1298 1690 1354 otacilio
1705 1315 1829 1371 specea-

188 1403 279 1452 ternm
291 1401 447 1451 nestrorum
460 1395 578 1450 necibus
590 1393 748 1462 liberemur,
761 1401 787 1450 et
800 1393 871 1448 bane
885 1395 1037 1460 ciuitatem,
1054 1409 1136 1465 pacm
1149 1394 1256 1449 nouiter
1271 1401 1296 1449 tc
1308 1392 1457 1464 adjurante
1469 1393 1657 1466 sundammus,
1673 1397 1719 1468 iac
1733 1398 1766 1452 ab
1785 1399 1831 1454 iro

188 1501 235 1550 tua
248 1493 279 1549 in
291 1499 451 1564 perpetuam
465 1507 575 1547 manere
588 1499 752 1558 concremet
765 1489 798 1547 de
812 1491 942 1558 hostibus,
967 1506 1085 1562 quoram
1108 1505 1193 1546 cansa
1218 1498 1373 1546 constructa
1396 1499 1444 1559 est,
1460 1507 1543 1548 crocos
1559 1508 1591 1548 oc
1604 1493 1770 1565 multiplices
1781 1494 1831 1550 iro·

188 1590 250 1648 bere
260 1589 421 1662 triumphos.
437 1589 602 1646 Secundam
618 1605 735 1661 quoque
750 1587 843 1644 isdem
859 1587 927 1662 pins
942 1604 1018 1660 papa
1035 1586 1115 1644 dedit
1128 1586 1289 1644 orationem
1306 1605 1395 1662 super
1409 1587 1600 1661 posterulam,
1610 1589 1662 1644 ubi
1675 1590 1783 1647 mirum
1797 1591 1829 1649 in

133 1688 170 1747 it)
187 1689 309 1746 modum
324 1686 477 1744 casmilum
492 1685 670 1759 praeminet,
688 1703 751 1759 qne
766 1686 910 1743 vocitatur
925 1685 1024 1742 Sancti
1039 1683 1152 1758 Angeli.
1164 1685 1255 1757 Cujus
1267 1685 1408 1742 orationis
1422 1685 1490 1744 talis
1505 1690 1549 1744 eat
1564 1691 1661 1744 textus
1673 1704 1680 1742 ι
1693 1690 1831 1762 Denegat

188 1788 222 1843 ab
238 1788 296 1859 ipso
309 1785 410 1841 mundi
422 1784 504 1856 bajus
519 1783 631 1840 exordio
647 1783 719 1840 banc
733 1791 858 1840 sanctum
870 1783 1032 1839 ceticoiicam
1046 1790 1073 1839 et
1082 1784 1256 1854 apostoticam
1268 1783 1417 1840 itomanam
1432 1784 1580 1840 scetes-tam
1594 1785 1628 1840 ab
1642 1785 1764 1842 testibus
1778 1801 1829 1842 cc·

187 1885 294 1941 stodire
307 1889 332 1939 et
345 1897 505 1938 conseruare
519 1881 649 1950 dipimtus
663 1897 700 1948 es,
717 1881 874 1954 inipuitotis
889 1886 992 1936 nostrse
1005 1880 1220 1950 edireprapinm
1231 1881 1398 1952 propitiatus
1411 1881 1539 1948 emunda
1555 1889 1581 1937 et
1595 1884 1733 1938 ciuitatem
1746 1885 1828 1952 benc,

190 1998 272 2055 paam
284 1989 329 2037 too
343 1987 438 2037 saneto
453 1980 561 2036 nomini
572 1995 623 2050 per
637 1977 821 2050 apestolorum
835 1985 946 2034 tuorum
959 1977 1036 2033 Petri
1048 1984 1074 2033 et
1087 1977 1176 2033 Penii
1189 1977 1325 2049 suffragio
1344 1979 1450 2034 noviter
1468 1978 1664 2047 dedicavimus,
1680 1981 1717 2037 ab
1740 1983 1830 2037 omni·

187 2079 236 2136 bus
251 2079 430 2135 inimicorum
446 2075 557 2133 insidiis
572 2091 698 2132 securem
711 2091 816 2147 semper
830 2083 910 2148 atque
924 2076 1136 2147 imperterritam
1149 2091 1261 2130 monere
1273 2076 1409 2147 permitte.
1418 2081 1471 2132 Per
1480 2077 1626 2132 Dominum
1635 2082 1830 2149 postremam.

139 2180 174 2236 15
192 2177 320 2234 'iertiam
332 2191 398 2236 vero
414 2173 575 2231 orationem
591 2172 697 2230 cecinit
712 2188 801 2245 super
816 2171 995 2246 posterulam
1012 2170 1100 2227 aliam
1117 2188 1180 2244 quse
1196 2171 1315 2244 respicit
1331 2173 1367 2227 od
1384 2170 1515 2228 scholam
1532 2174 1691 2242 Saxonum,
1708 2192 1771 2246 qua
1798 2192 1833 2232 ex

191 2291 292 2332 eorum
308 2271 449 2330 vocabulo
464 2271 612 2327 Saxonum
628 2269 777 2342 posterula
791 2268 997 2342 appellatur,et
1011 2267 1076 2342 ipsa
1086 2269 1178 2324 oratio
1190 2268 1275 2324 tertio
1285 2269 1364 2324 huno
1376 2269 1540 2342 specialiter
1551 2270 1680 2328 eontinet
1691 2273 1811 2330 modum
1825 2288 1831 2330 :

192 2380 307 2439 Praesta,
331 2384 498 2444 quesumus,
522 2369 692 2440 ornnipotens
716 2375 742 2424 et
764 2368 919 2424 misericors
942 2368 1022 2434 ileos,
1047 2373 1077 2421 ot
1095 2365 1131 2421 ud
1156 2374 1180 2422 te
1205 2374 1256 2422 tote
1280 2367 1359 2422 cordo
1374 2368 1530 2435 clementes,
1556 2369 1735 2426 intercedente
1759 2371 1833 2426 beato

189 2473 269 2528 Petro
283 2469 401 2542 apostolo
417 2475 473 2535 tao,
489 2474 545 2522 tuse
556 2467 672 2538 pietatis
688 2465 892 2539 indulgentiam
913 2480 1119 2537 consequamur,
1135 2472 1161 2518 et
1172 2481 1224 2535 pro
1239 2464 1348 2520 ciuitate
1371 2467 1431 2530 iste,
1448 2481 1531 2536 qnam
1553 2481 1601 2534 epo
1623 2467 1745 2537 piractus
1768 2475 1832 2523 tuns

190 2569 269 2624 Petro
284 2565 403 2639 apostolo
418 2571 473 2628 mo,
490 2571 548 2619 tuse
560 2564 672 2634 pietatis
687 2562 889 2632 indaipcatium
904 2577 1109 2632 consequamur,
1125 2568 1150 2616 ct
1164 2576 1213 2631 pro
1228 2562 1335 2616 civitate
1360 2560 1421 2627 doc,
1436 2577 1519 2632 purim
1541 2578 1594 2634 epo
1616 2563 1739 2634 samatus
1765 2571 1829 2618 taus

191 2667 242 2722 teo
256 2671 370 2737 quartos
385 2663 536 2733 episcopus,
553 2667 577 2715 te
591 2661 758 2726 ausiliante,
774 2674 844 2714 nouo
858 2674 937 2729 opere
951 2657 1085 2723 destinam,
1100 2673 1213 2729 meoque
1236 2673 1270 2712 cs
1294 2659 1405 2712 nomine
1420 2659 1537 2713 iconion
1553 2667 1673 2730 crucietur,
1684 2660 1784 2730 juleus
1798 2667 1829 2714 ut

136 2765 172 2819 20
190 2777 296 2834 seraper
310 2760 399 2816 illeso
413 2764 523 2812 anneot
537 2773 569 2812 ac
582 2771 678 2811 secura
696 2755 768 2827 apud
791 2756 965 2811 sternentium
987 2755 1138 2825 majestatis
1162 2763 1218 2811 tusc
1235 2755 1342 2826 jupiter
1364 2771 1519 2811 exoramus.
1539 2760 1591 2811 t’er
1604 2757 1748 2812 Donrinam
1763 2772 1826 2812 nes-

191 2869 274 2927 trum,
290 2861 346 2914 etc.
862 2923 865 2930 Ι

228 2956 303 3014 bib
320 2955 352 3011 ln
367 2969 427 3026 quo
440 2951 551 3009 scilicet
565 2950 781 3022 civitate,justa
796 2948 976 3022 promissum
999 2949 1046 3006 sui
1068 2949 1204 3006 desiderii
1220 2950 1297 3024 quod
1315 2951 1370 3006 ileo
1384 2955 1509 3021 voverat,
1526 2967 1664 3025 magnam
1688 2953 1748 3010 sive
1770 2953 1827 3010 lio·

192 3053 289 3112 manis
306 3051 366 3109 sivo
380 3049 504 3107 diversis
519 3047 700 3115 nationibus,
719 3047 747 3102 in
764 3063 888 3104 summa
903 3047 1100 3104 solemnitatis
1115 3047 1161 3102 die
1176 3063 1277 3121 rogam
1293 3046 1565 3105 distribuit.Deinde
1578 3066 1645 3106 oum
1657 3049 1778 3121 caeteris,
1795 3055 1829 3107 ut

190 3151 344 3228 prelatum
359 3152 414 3216 est,
430 3145 632 3205 sacerdotibus
646 3149 675 3201 et
690 3144 826 3201 omnibus
837 3145 1036 3201 Romanorum
1047 3144 1218 3218 proceribus
1232 3145 1268 3201 ad
1279 3144 1432 3201 ecclesiam
1444 3146 1523 3202 beati
1534 3147 1610 3204 Petri
1623 3147 1747 3221 apostoli
1759 3165 1827 3205 oum

191 3248 374 3309 orationibus
390 3243 554 3316 divinisque
568 3240 707 3300 laudibus
721 3241 980 3312 tendens,missam
993 3259 1044 3315 pro
1060 3241 1154 3298 salute
1168 3241 1266 3316 populi
1280 3245 1309 3298 et
1318 3242 1444 3300 civitatis
1459 3243 1707 3314 incolumitatem
1718 3244 1830 3302 stabili·

154 3353 173 3407 5
191 3353 250 3406 tate
264 3340 578 3420 perpetua,honoriirce
591 3339 797 3396 decantantis
812 3339 911 3413 itaque
927 3337 1019 3396 sacris
1035 3340 1161 3412 peractis
1171 3338 1410 3408 oliroiis‚cunotos
1422 3341 1535 3398 nobiiea
1548 3343 1645 3398 Romae
1656 3343 1827 3416 multipliei-

190 3448 247 3503 bus
262 3441 348 3500 donis
362 3457 419 3497 noa
435 3442 551 3512 tantum
564 3436 594 3493 iu
611 3454 692 3504 auro,
709 3442 873 3510 argentove,
890 3436 941 3494 sed
956 3440 985 3493 et
1000 3435 1101 3493 sericis
1116 3434 1213 3509 palliis
1230 3435 1383 3494 bonoravit
1407 3441 1494 3510 atque
1517 3439 1629 3496 ditavit.
1649 3440 1770 3514 Fuitque
1792 3440 1827 3498 dc

189 3543 241 3601 illo
255 3555 363 3614 magna
376 3537 489 3594 cunctis
505 3534 617 3600 laetitia,
633 3534 767 3591 videlicet
781 3535 828 3592 die
843 3535 967 3609 septimo
983 3539 1011 3591 et
1025 3533 1163 3590 vicesimo
1179 3533 1290 3591 mensis
1305 3535 1395 3604 Junii,
1400 3536 1493 3609 pridie
1508 3541 1574 3593 ante
1589 3537 1826 3595 beatissimorum

190 3638 390 3715 apostolorum
405 3634 481 3691 Petri
497 3637 526 3690 et
541 3632 622 3689 Pauli
637 3631 816 3707 vigilias,sed
833 3635 861 3688 et
874 3649 927 3706 per
941 3635 1033 3689 totam
1043 3631 1206 3688 Romanam
1217 3633 1320 3688 urbem
1332 3632 1447 3689 inimitu
1458 3635 1608 3706 gaudiani
1618 3635 1826 3692 exsultationes

190 3740 351 3802 innumera
365 3731 515 3789 celebratas
530 3729 683 3787 sunttnde
698 3729 793 3802 magis
808 3729 930 3803 dignum
940 3735 986 3786 est
998 3733 1085 3802 atquc
1096 3730 1271 3786 conveniens
1282 3735 1314 3785 ut
1327 3735 1471 3802 protento
1487 3733 1611 3804 praesule
1624 3737 1765 3806 tantoque
1777 3750 1827 3806 pa·

137 3841 172 3896 10
190 3831 520 3904 storecunctipotentem
527 3827 684 3883 Dominum
693 3826 846 3883 totocorde
854 3842 986 3899 puroque
995 3827 1093 3883 animo
1103 3827 1476 3901 jugiterimplorcmusiper
1485 3846 1572 3902 quem
1584 3835 1643 3886 tam
1655 3829 1827 3886 admirabile

190 3932 459 4009 perhonestumque
473 3923 838 3999 opus,Chrietisolatiante
852 3923 1080 3996 potentia,celeri
1091 3925 1295 3982 exercitatione
1305 3925 1451 3998 expletum
1462 3927 1499 3982 ob
1511 3927 1634 3983 salutem
1646 3927 1826 3984 Christiano-

191 4049 257 4090 rum
272 4027 404 4087 omnium
420 4025 717 4094 consummatumque
732 4021 949 4094 cognoscimus)
964 4021 994 4077 in
1010 4022 1119 4078 nostris
1134 4021 1326 4090 orationibus,
1341 4028 1486 4096 quatenus
1501 4029 1529 4082 et
1542 4024 1590 4081 hio
1606 4024 1771 4082 diutissime
1781 4025 1827 4082 vi-

191 4130 300 4205 geat‚et
313 4123 373 4181 illic
386 4137 454 4179 oum
469 4117 579 4177 sanctis
594 4118 732 4176 omnibus
746 4134 799 4191 pro
811 4117 874 4176 suis
892 4117 1053 4177 innumeris
1068 4119 1278 4178 certaminibus
1293 4137 1327 4176 ac
1341 4119 1492 4180 laboribus
1506 4121 1827 4195 perpetualiteratcma

191 4227 339 4284 mereatur
352 4217 471 4294 premia
486 4213 646 4290 possidere.

228 4323 305 4381 tac
321 4320 384 4392 ipse
397 4331 464 4372 vero
479 4313 670 4370 beatissimus
684 4329 761 4386 papa
775 4311 842 4368 iecit
856 4312 887 4369 in
903 4313 1027 4370 eeclesia
1041 4315 1135 4372 sancti
1150 4315 1282 4389 Sinzigii,
1297 4333 1361 4389 quae
1375 4317 1495 4391 ponitur
1509 4317 1538 4373 in
1559 4317 1674 4375 civitate
1692 4317 1824 4390 Blerona,

189 4425 300 4480 vestem
314 4417 350 4474 de
364 4413 485 4472 tundalo
500 4427 600 4479 unam,
617 4408 772 4466 habentem
785 4408 815 4464 in
830 4410 927 4466 medio
942 4411 1057 4470 tabulas
1074 4413 1109 4469 de
1125 4413 1392 4486 chrysoclavopum
1408 4415 1514 4490 eliligie
1529 4416 1826 4487 Salvatcris‚babenta

191 4519 221 4576 in
237 4516 333 4592 eapite
346 4527 479 4586 gemmas
494 4507 628 4582 prasinos
643 4509 744 4575 trea,et
759 4507 852 4563 sancti
867 4507 999 4582 Sinzigii,
1016 4513 1044 4565 et
1058 4509 1222 4566 beatissimi
1237 4511 1413 4584 presuliset
1427 4511 1490 4568 vela
1504 4512 1539 4569 de
1553 4513 1675 4570 iundato
1687 4518 1824 4587 quatuor.

189 4619 226 4674 ttt
239 4615 270 4671 in
284 4609 408 4670 ecclesis
422 4610 591 4664 sanctorum
606 4607 735 4677 quatuor
747 4603 957 4663 Coronatorum
973 4606 1041 4664 iecit
1055 4611 1217 4665 cerostata:
1229 4625 1264 4666 ea
1278 4613 1397 4682 argento
1410 4603 1568 4683 purissimo
1579 4613 1606 4678 2,
1622 4627 1743 4683 pensan.
1756 4611 1823 4671 libr.

153 4719 172 4775 5
190 4714 322 4789 quinque
336 4712 364 4766 et
377 4705 480 4764 uncias
493 4708 585 4772 semet
596 4701 739 4776 gabathas
754 4703 790 4758 de
804 4709 925 4777 argento
940 4723 1022 4762 num.
1039 4708 1189 4779 lapensan.
1206 4705 1294 4764 libr...
1314 4708 1393 4765 Fecit
1406 4708 1437 4764 in
1453 4709 1577 4766 aeclesia
1590 4714 1697 4767 sancta
1708 4711 1759 4768 Dei
1770 4711 1824 4770 Ge-

190 4809 305 4870 nitricis
320 4805 427 4873 Maria,
444 4817 507 4876 qua
523 4800 643 4874 ponitur
657 4799 693 4856 ad
709 4798 828 4855 beatum
845 4801 1035 4858 Laurentium
1051 4802 1121 4859 ioris
1137 4821 1248 4872 muros,
1264 4803 1328 4860 vela
1342 4805 1377 4861 de
1393 4805 1515 4862 iundato
1531 4823 1653 4864 numero
1665 4809 1768 4884 viginti
1779 4827 1825 4868 se-

191 4907 356 4984 ptemitem
371 4900 439 4960 iecit
453 4896 610 4974 predictus
622 4894 727 4970 presul
743 4895 774 4952 in
789 4896 912 4955 ecelesia
926 4898 1003 4956 beati
1019 4899 1177 4957 Clementis
1192 4900 1330 4974 martyris
1346 4905 1433 4975 atque
1449 4903 1597 4974 pontilicis
1610 4911 1826 4981 regnum,quod

190 5003 298 5081 pendet
312 5017 401 5074 super
414 4997 506 5055 altare
518 4995 616 5066 majus
631 5010 665 5049 ex
679 5009 751 5048 auro
766 4993 925 5066 purissimo
937 4996 1072 5069 sculptile
1084 4999 1146 5054 sine
1157 4997 1410 5072 gemmis,babens
1422 4999 1451 5055 in
1463 5001 1560 5057 medio
1572 5019 1688 5060 crucem
1698 5004 1733 5061 de
1744 5023 1826 5077 auro,

190 5119 259 5161 oum
274 5096 399 5174 gemmis
414 5095 479 5152 fixis
493 5093 524 5150 in
539 5093 640 5149 eadem
656 5107 752 5158 eruee,
768 5091 875 5148 vitreas
899 5093 1039 5166 quinque,
1056 5099 1085 5152 et
1109 5112 1172 5168 qua
1196 5097 1323 5168 pendent
1338 5096 1408 5153 item
1422 5097 1529 5154 vitreas
1549 5117 1670 5156 numero
1690 5107 1825 5174 quatuor,

135 5204 171 5261 ¹0
189 5215 311 5275 pensan.
324 5194 415 5252 libras
430 5188 654 5265 quinquaginta.
671 5187 783 5244 Obtulit
798 5193 827 5244 et
841 5189 871 5246 in
886 5190 1009 5248 ecclesia
1025 5193 1101 5249 beati
1118 5191 1265 5266 ilippolyti
1280 5198 1428 5268 martyna,
1448 5212 1512 5268 quae
1535 5197 1653 5270 ponitur
1674 5197 1705 5252 in
1731 5197 1830 5258 insula

190 5292 352 5362 Portuenai,
364 5307 428 5365 ques
442 5290 632 5360 nuncupatur
645 5284 847 5352 Arsis,vestem
862 5289 898 5344 de
914 5289 1045 5359 lundata,
1061 5289 1217 5347 habentem
1233 5291 1417 5364 gammadias
1432 5309 1467 5349 ex
1482 5297 1602 5366 argento
1617 5295 1709 5348 textas
1722 5311 1824 5369 unam,

187 5393 251 5452 vela
266 5393 302 5450 de
316 5389 447 5459 fundato,
464 5401 587 5444 numero
601 5383 856 5458 quatuornecnon
873 5389 902 5441 et
918 5385 947 5442 in
963 5386 1086 5444 ecelesia
1100 5389 1190 5444 besta
1207 5388 1256 5444 Dei
1273 5388 1428 5446 Genitrieis
1444 5389 1541 5446 Maria
1565 5388 1690 5445 dominae
1709 5397 1827 5465 nostra,

189 5509 253 5566 quea
269 5487 388 5564 ponitur
401 5485 477 5542 inira
486 5483 644 5554 civitatem,
662 5485 858 5554 querebatur
872 5483 1012 5557 Anagnia,
1029 5484 1134 5541 obtulit
1147 5491 1258 5542 vestem
1273 5487 1309 5543 de
1325 5487 1456 5554 lundata,
1471 5503 1538 5543 cum
1563 5486 1740 5558 gammadiia
1756 5508 1828 5552 auro

193 5588 280 5645 textis
295 5601 397 5652 unam,
413 5585 442 5639 et
455 5580 518 5638 vais
532 5580 568 5636 de
583 5579 706 5636 tundata
722 5580 859 5649 quatuor.
958 5615 963 5623 -

227 5684 301 5744 tat
318 5682 427 5738 Verum
442 5693 479 5735 ne
493 5680 560 5750 post
573 5676 635 5732 bae
650 5692 714 5748 qua
729 5673 865 5747 superius
888 5678 983 5735 veraci
998 5679 1165 5738 testimonio
1190 5680 1336 5754 certisque
1351 5679 1551 5738 schematibus
1567 5681 1726 5739 dilucidata
1742 5685 1830 5756 atque

190 5781 358 5854 conscripta
370 5779 441 5836 aunt
454 5773 581 5839 silentio,
597 5771 675 5845 qaod
690 5769 812 5828 minimo
826 5774 972 5847 convenit,
989 5779 1093 5833 enters
1106 5776 1376 5846 transeamus,libet
1392 5777 1449 5834 alia
1462 5779 1625 5839 beatissimi
1639 5799 1719 5855 papae
1729 5797 1829 5858 opera,

191 5877 304 5957 potenti
318 5877 388 5937 iesu
402 5871 509 5978 Cbpisti
524 5868 685 5946 opitulante
700 5867 857 5928 elementia
872 5869 949 5931 iacta
962 5873 1097 5948 quamvis
1112 5873 1238 5950 plarima
1252 5877 1352 5932 tamen
1375 5874 1441 5935 luce
1462 5876 1570 5937 elarius
1592 5873 1731 5938 indicare.
1754 5878 1828 5944 Nam
