4048 6178
153 133 212 215 ssi
598 131 785 221 aisronrii¹
807 163 857 223 aa
880 161 981 226 viris
1005 162 1099 228 non.
1126 167 1237 230 roar.
1254 203 1292 214 -
1308 171 1340 231 s.
1365 167 1452 232 iao.
1807 175 1866 238 aas

157 278 303 370 aarum
370 285 442 342 tiam
458 289 988 378 rependeretproinsigui'oporebor-
1002 300 1029 367 Α
1043 299 1175 371 repellam
1198 300 1364 356 notavimus
1387 301 1416 356 iu
1439 303 1592 385 Martyrolo
1616 305 1658 373 'o;
1674 319 1742 362 oum
1757 299 1866 380 alioqui

155 361 220 414 tata
237 374 304 440 epus
326 375 372 413 cm
389 359 493 440 Leonis
509 359 745 444 percussionum
762 371 880 437 scripto,
895 367 987 423 dela·
1044 369 1199 442 etaliqaos
1217 389 1251 426 ex
1275 370 1462 428 cubiculariis
1486 375 1575 430 luisse
1594 319 1691 432 laicos
1722 378 1865 442 homines,

156 433 328 485 carnatione
343 429 458 511 Domini
474 435 577 512 cpntra
602 432 734 488 haeresiiii
758 435 985 494 Nestorianani:
1043 441 1144 496 doceat
1158 443 1227 496 irrito
1250 443 1408 498 Romanus.
1426 466 1439 492 ii
1455 445 1543 500 Addit
1566 445 1686 502 Carolus
1710 447 1807 504 blaier
1829 450 1864 508 ad

156 501 235 628 pluod
252 517 268 556 o
292 517 399 583 asppsi
415 501 501 556 Leoni
514 502 744 572 dicaverat,dum
755 507 896 565 diaconus
907 510 988 582 lipsti
1042 512 1185 568 Doniiiiici
1201 513 1300 568 fratris
1315 513 1360 570 sui
1377 513 1583 584 Hierolciiicon,
1599 517 1629 572 iii
1645 521 1732 574 uerbo
1751 519 1866 576 Cubicu-

187 571 244 628 liu
287 569 553 652 flllttflvet'tffl'elul'·
637 644 642 656 ⁴
1043 583 1141 650 tarius,
1168 601 1330 658 synonyma
1358 601 1422 640 esse
1449 586 1605 656 capellanus
1628 593 1656 644 et
1679 590 1868 648 cubicularius

193 641 348 724 Probabile
362 643 533 724 'admodum
562 645 694 701 redditur
718 647 843 704 Leonem
869 665 986 722 papam,
1042 671 1058 709 a
1082 656 1120 710 ud
1137 655 1265 723 Latinae,
1282 661 1311 712 et
1326 662 1480 728 ιιαοιόφορος
1495 657 1572 729 opud
1594 657 1718 724 tiraces,
1734 665 1762 716 et
1776 669 1866 734 posto·

157 714 229 769 dum
247 731 277 769 iu
294 713 396 770 Gallus
412 715 539 788 degeret,
555 719 666 798 pitente
683 722 797 802 contem
820 720 912 803 latpm
927 722 987 802 lru·
1040 671 1148 798 pdori'n,
1162 725 1767 786 ebsiumeiitntamumeirecautumidem
1778 731 1801 787 si
1826 731 1867 788 ni-

157 788 223 841 ctus
239 784 395 867 preclaros
411 793 734 869 mopastenprum,quss
750 807 778 844 in
795 789 896 848 (sallus
912 793 989 848 vidc-
1043 797 1139 852 ilcare.
1157 795 1358 852 Cubicularios
1374 797 1472 868 itaque
1489 813 1506 852 a
1521 797 1808 858 Leoneinstitutione
1838 820 1866 860 a·

157 859 203 911 rat
221 873 384 938 seminaria
407 857 468 939 beri
493 863 747 941 sanctissimorum
771 861 986 935 episcoporum,
1042 867 1153 924 bendos
1168 884 1232 924 esse
1243 867 1459 940 eupettoiics,qui
1471 868 1638 924 custodiant
1649 869 1802 927 interiores
1812 872 1867 930 has

156 927 261 984 eadem
278 944 331 999 spe
346 928 420 984 disci
443 926 509 982 bne
524 929 677 1011 sanctporis
687 930 716 986 ia
728 932 805 988 clero
816 949 989 989 conservae·
1042 943 1141 1010 partes
1155 938 1293 1000 erelcsiia.
1311 939 1437 1012 capellas
1458 939 1517 994 sive
1532 938 1678 1011 cubicula,
1695 945 1724 997 et
1738 942 1818 998 chori
1833 959 1866 1000 ac

156 999 249 1082 daune
258 945 461 1070 promovende
470 1007 707 1084 perviciaiam,et
715 1003 988 1088 contubernium,pt
1042 1009 1214 1090 presbpteiii
1230 1009 1373 1066 ambitum
1390 1010 1467 1066 circa
1481 1011 1616 1082 sepulcra
1628 1011 1866 1083 apostolorumld

157 1073 199 1126 ita
214 1070 561 1154 dicampmounacherum,
573 1077 721 1154 'cogmsse
740 1073 776 1130 de
800 1081 987 1132 monasterus
1042 1079 1118 1136 clero
1135 1081 1754 1154 igiturcligendos.Nametadcubiculume
1776 1082 1867 1158 iscopi

158 1140 237 1214 apud
254 1141 394 1224 basilipas
407 1141 597 1224 instituendis
613 1145 725 1226 inurbe
736 1145 988 1229 ltomadfforrofldo·
1042 1149 1224 1208 adhibendos
1235 1151 1356 1208 clericos
1367 1153 1461 1208 suasit
1469 1153 1733 1226 posteatiregorius
1744 1101 1868 1236 blaguus

157 1211 803 1298 eumeutumillustreilliusuberisqlructus
827 1218 986 1292 discipline
1042 1221 1153 1278 liceret.
1183 1223 1252 1278 dist.
1278 1226 1305 1290 2,
1322 1239 1351 1296 q.
1366 1225 1394 1288 7,
1410 1239 1436 1288 ε,
1457 1225 1503 1291 58,
1529 1224 1570 1279 ita
1599 1229 1632 1279 ut
1661 1223 1704 1279 i'rl
1735 1223 1867 1294 clericos,

156 1300 187 1338 in
208 1283 287 1339 clero
311 1290 450 1356 promote
475 1301 509 1340 ex
533 1290 777 1342 monasteriorum
802 1288 987 1345 institutione
1040 1291 1257 1350 velmonachas
1278 1294 1313 1348 ad
1337 1292 1470 1349 cubilarii
1495 1295 1540 1351 sui
1566 1311 1676 1351 munus
1699 1295 1867 1354 obeundum

157 1355 235 1428 apud
252 1353 402 1480 episcopia
417 1355 549 1438 redditur
563 1356 647 1440 pubis
662 1356 822 1440 obniusigai
842 1375 987 1416 marmore
1042 1363 1311 1436 adhibeant,potius
1325 1381 1414 1436 quam
1431 1365 1613 1422 laicos.ldem
1628 1382 1692 1422 esse
1702 1365 1867 1441 intelligen-

157 1442 210 1498 ρει
225 1430 341 1507 atatem
381 1441 463 1481 conis
478 1425 575 1499 Magni
593 1443 684 1483 inciso
699 1445 727 1483 ui
744 1429 986 1486 ecclesiaNarbo·
1042 1435 1113 1489 dum
1128 1435 1242 1490 videtur
1259 1436 1294 1491 de
1314 1435 1503 1494 cubiculariis
1528 1436 1726 1508 apostolorum
1741 1455 1758 1494 a
1773 1438 1868 1495 Leone

159 1497 254 1578 aeusi,
272 1497 309 1553 ab
325 1495 431 1554 iisdem
449 1497 542 1553 bullis
561 1497 639 1554 edito
663 1497 693 1554 in
718 1499 837 1557 laudata
862 1502 988 1557 ilistoria
1042 1505 1186 1562 institutis
1202 1523 1216 1562 e
1232 1506 1319 1561 clero.
1341 1505 1413 1561 Cum
1438 1507 1516 1562 enini
1541 1507 1752 1563 monasterium
1778 1525 1868 1582 prope

159 1566 350 1634 Massiliensi,
366 1569 473 1650 appi,
489 1567 555 1623 libri
570 1585 598 1636 x,
614 1585 648 1624 ax
668 1569 853 1628 collectaneis
877 1572 987 1628 Baiusii
1041 1575 1193 1632 basilicam
1210 1577 1350 1650 principis
1366 1577 1563 1649 apostolorum
1586 1579 1739 1634 l'undasset
1754 1578 1821 1648 Leo,
1835 1583 1867 1635 ut

159 1637 195 1695 sd
211 1655 303 1712 opera
316 1638 455 1696 Saluiam.
472 1639 624 1711 Inscriptio
646 1640 714 1697 talis
735 1648 780 1725 est
797 1647 811 1708 †
828 1659 864 1700 uo
883 1661 917 1700 ar
934 1661 987 1700 xro
1040 1652 1199 1704 nocturnas
1213 1646 1329 1720 vigilias
1344 1652 1373 1702 et
1386 1648 1508 1704 diurnas
1523 1663 1623 1720 preces
1637 1665 1705 1704 cum
1721 1647 1798 1705 clero
1822 1649 1867 1705 al-

158 1725 321 1767 uisaaaars
339 1727 400 1766 uni.
417 1725 481 1776 noc,
498 1715 553 1767 etc.
570 1711 632 1777 bec,
651 1720 678 1767 et
700 1711 804 1770 Christo
827 1715 985 1781 miseraute,
1041 1719 1197 1784 ternis,aut
1210 1718 1332 1774 'unatim
1344 1717 1786 1786 monacbirecitarent;eosdem
1797 1736 1868 1793 quo·

158 1782 243 1838 limen
258 1781 452 1838 dormitatum
465 1790 504 1838 est
519 1799 591 1838 anuo
634 1785 711 1839 uiato
733 1785 843 1841 consule
867 1785 986 1842 tabuti-
1041 1805 1098 1860 que
1113 1734 1249 1844 custodes
1260 1789 1589 1846 essevoluitcumclero
1600 1790 1801 1846 cubiculorum
1814 1807 1865 1846 seu

158 1856 243 1908 amau
258 1854 379 1924 depasto
403 1851 445 1918 i'l,
470 1854 549 1909 tertio
573 1855 615 1908 Ka
653 1854 712 1910 idus
738 1857 892 1912 Decerntrris
917 1873 986 1912 xviii
1041 1859 1230 1933 capellarum,
1248 1859 1379 1923 thalami,
1396 1865 1425 1916 et
1448 1860 1540 1926 ebori,
1565 1859 1642 1915 circa
1666 1861 1865 1933 apostolorum

157 1941 229 1980 auno
241 1925 420 1997 pontificatas
436 1925 547 1980 llustici‘.
565 1925 690 1981 Rusticus
704 1929 855 1998 episcopus,
870 1929 988 2000 episcopi
1041 1931 1207 2012 sepulcrum
1225 1929 1397 1986 stationalis
1412 1931 1599 1986 attributadn
1614 1931 1867 1988 Ambrosiai'isba-

157 1999 258 2053 Bonosi
270 1995 359 2066 filius,
377 2003 403 2052 et
415 1997 534 2068 episcopi
548 1999 671 2052 Arutoris
683 2013 718 2052 ex
732 2015 823 2054 sorore
837 2001 987 2071 ii=epos,cpi·
1041 2001 1125 2057 silica
1138 2002 1239 2056 eadem
1255 2001 1328 2057 ratio
1343 2001 1439 2057 adbuc
1451 2001 1719 2084 viget,quotidiana
1733 2002 1867 2058 ministe-

158 2069 234 2140 scopi
245 2068 455 2124 l'ericri'isoei‘us
465 2069 495 2122 iu
517 2071 681 2124 iuoansterio
691 2071 889 2142 compresbyter
899 2070 987 2125 Ecclc-
1041 2072 1085 2127 ria
1099 2072 1199 2128 altaris
1212 2077 1241 2127 et
1256 2071 1415 2138 chori,tam
1430 2088 1483 2144 per
1496 2072 1626 2140 clericos,
1643 2089 1790 2146 quampcr
1805 2091 1866 2130 mo·

158 2141 205 2194 sioe
218 2137 398 2194 Massiliensis
410 2153 482 2192 cirico
492 2155 528 2194 xv
538 2139 818 2210 episcopatussui,die
829 2143 899 2195 caui
907 2143 987 2212 quiri·
1041 2143 1151 2199 nachos
1167 2143 1304 2198 obeundi.

157 2219 193 2278 u,
208 2216 235 2266 et
250 2227 280 2264 ιιι
296 2209 360 2265 litus
375 2208 495 2264 Octobris
510 2225 573 2264 cum
599 2211 664 2267 tirso
684 2213 850 2282 presbytero,
866 2213 986 2267 llernietc
1077 2214 1165 2269 Linea
1182 2215 1223 2270 17.
1240 2245 1274 2254 -
1289 2213 1418 2285 Sepultus
1432 2221 1472 2269 est
1489 2214 1561 2284 opud
1585 2213 1728 2270 basilicum
1743 2219 1774 2270 a.
1793 2217 1868 2271 Petri

157 2281 282 2343 diacono,
300 2288 433 2336 eteorum
456 2281 629 2352 sunamitides
653 2284 732 2353 caepit
748 2282 879 2354 deponere
893 2284 986 2354 parie-
1040 2287 1164 2408 ppcstoti.
1179 2285 1315 2368 Deposito
1332 2287 1360 2340 S.
1378 2286 1482 2340 Leonis
1499 2285 1595 2356 Magni
1612 2285 1689 2358 apud
1714 2285 1866 2342 basilicam

157 2361 209 2408 tem
222 2353 349 2407 eertmie
368 2350 473 2405 dimum
495 2360 600 2407 exuste
615 2372 624 2406 .·
640 2354 781 2420 trigesime
804 2356 920 2425 septima
942 2354 987 2409 dic
1066 2357 1211 2412 aticanain
1226 2355 1371 2412 illustrata
1386 2357 1441 2411 soit
1457 2373 1509 2428 per
1523 2357 1688 2428 complures
1710 2356 1867 2429 scriptores

157 2423 324 2496 quadratura
339 2423 368 2477 i'u
391 2421 600 2504 siiadameataiu
623 2425 690 2494 pmii
712 2426 873 2494 crepitare.
901 2423 986 2480 Plura
1040 2432 1104 2482 tuui
1119 2433 1240 2492 veteres,
1256 2432 1319 2483 tum
1336 2428 1632 2493 recentes,occasione
1643 2427 1733 2484 trium
1745 2427 1867 2484 transla-

156 2500 256 2552 essent
271 2492 300 2548 iii
319 2493 374 2548 hac
390 2493 579 2566 inscriptione
595 2499 708 2549 motata
719 2495 986 2568 digua,ileepocliis
1040 2499 1152 2553 tionum
1170 2499 1302 2568 ejusdem
1319 2499 1393 2553 sarri
1405 2497 1535 2571 corporis
1549 2515 1555 2553 :
1569 2515 1692 2570 quarum
1706 2499 1867 2571 prinialuit

156 2563 377 2638 episcopalibus
404 2564 505 2620 eadem
530 2569 613 2620 aetate
635 2565 789 2638 diligenter
811 2567 985 2632 numeratis,
1040 2587 1075 2624 ea
1089 2571 1167 2624 adito
1182 2570 1289 2624 veteris
1305 2569 1451 2624 secretarii
1465 2569 1541 2624 intra
1556 2569 1708 2624 basilicam
1728 2571 1784 2624 sub
1799 2571 1867 2626 Ser-

157 2637 193 2692 de
209 2637 268 2692 ritu
285 2635 479 2708 reparationis
496 2635 637 2705 ecclesie,
653 2637 768 2708 aliaque
788 2639 933 2709 eJusmodi
950 2637 985 2693 ad
1040 2640 1087 2722 gio
1103 2657 1178 2712 papa
1192 2641 1256 2708 ojus
1273 2639 1402 2695 nominis
1418 2639 1611 2712 priiao,aunis
1627 2640 1742 2695 circiter
1756 2641 1866 2698 duceu-

159 2707 315 2788 bistoriam
331 2704 984 2788 Pontificalemcomprobaudamopportuna.
1040 2710 1337 2824 tractipiadraginta
1373 2711 1628 2790 ostejusobituiu.
1646 2709 1736 2766 Vetus
1759 2709 1866 2766 inscri-

158 2783 267 2834 Verum
293 2777 331 2832 iis
355 2777 708 2849 pretermissisunieum
735 2777 808 2834 illud
838 2777 985 2836 observari
1043 2780 1251 2852 ptioaaergio
1271 2727 1371 2836 inscul)
1389 2785 1418 2836 ta
1440 2779 1470 2835 in
1495 2797 1535 2835 roi
1560 2780 1732 2836 memoriam
1760 2781 1864 2850 luerat,

158 2849 244 2923 cupio
258 2849 294 2904 ad
307 2847 460 2920 presentis
471 2847 597 2904 instituti
608 2855 815 2923 argumentum
825 2850 985 2922 pertinens,
1043 2869 1131 2923 quem
1141 2869 1174 2906 eii
1186 2798 1515 2907 inenibranislalatinis
1526 2850 1653 2923 primum
1664 2851 1755 2908 edidit
1765 2851 1866 2908 Grute-

151 2921 307 2992 'devigore
323 2918 646 2976 scilicetecclesiasticae
659 2919 986 2994 discipliuaabepisco·
1040 2940 1091 2978 rus
1115 2923 1144 2978 in
1169 2922 1335 3004 appendice
1358 2922 1434 2978 Thes
1459 2921 1583 2994 inscript
1606 2921 1865 2993 l'o11170,deinde

157 2993 203 3064 pis
218 2990 380 3048 Gallicanis
396 2989 425 3045 ia
441 3007 494 3047 suo
504 2990 580 3047 ciero
592 3008 716 3063 peream
727 2996 839 3048 etatem
853 2997 984 3064 promoto
1040 2993 1108 3049 card
1124 2994 1266 3050 Rarcnias
1280 2991 1374 3048 Annei
1397 2999 1476 3048 tomo
1491 2993 1513 3047 X
1529 2992 1558 3046 in
1573 2993 1692 3065 Appeud
1716 3009 1782 3066 pag.
1797 2993 1861 3049 919.

157 3079 193 3120 ex
207 3060 454 3118 monasteriorum
470 3061 575 3118 vicinia
591 3062 669 3134 apud
684 3079 738 3118 sua
748 3062 904 3190 appiacopia,
921 3079 984 3134 que
1000 3035 1021 3102 C
1041 3065 1180 3120 Secunda
1196 3064 1381 3120 translationi
1392 3080 1495 3119 ausam
1507 3063 1587 3118 dedit
1597 3064 1775 3119 constructio
1786 3081 1864 3119 nove

159 3134 337 3190 videbantur
352 3132 530 3204 optimorum
541 3131 712 3188 clericorum
725 3150 754 3190 re
777 3134 805 3189 di
817 3133 985 3200 seminaria,
1040 3135 1167 3192 basilicae
1181 3135 1327 3190 Vaticanis
1343 3152 1377 3190 su
1402 3152 1433 3190 ra
1446 3139 1571 3190 veterem
1587 3133 1616 3190 in
1637 3133 1688 3189 illa
1710 3134 1864 3191 inclusam.

157 3221 225 3262 cum
243 3221 278 3260 ex
291 3201 351 3258 illis
367 3221 425 3259 nou
440 3203 529 3258 semel
554 3204 712 3277 presbyteri
733 3211 761 3261 et
775 3204 904 3278 episcopi
919 3221 986 3260 sou·
1040 3206 1197 3278 Gregorius
1213 3205 1273 3262 xib
1288 3207 1367 3278 provi
1390 3222 1453 3271 ens,
1468 3223 1505 3261 ιιε
1516 3206 1544 3260 iii
1558 3205 1727 3261 laudatione
1743 3205 1865 3262 molium

157 3273 987 3348 stimoniaPrestauteslegerenturdtusticusotVenerius
1040 3277 1179 3350 equibus
1204 3275 1393 3350 amplissime
1417 3277 1719 3350 parcimeniam
1745 3277 1865 3334 fornicis

159 3347 207 3404 hic
223 3346 366 3419 leguntur
381 3345 546 3418 syncellitas.
564 3345 701 3403 Rusticus
718 3345 765 3402 ille
779 3352 833 3408 est,
844 3349 881 3403 ad
898 3363 986 3420 quom
1041 3349 1218 3412 innituntur,
1233 3354 1260 3404 ot
1270 3349 1299 3403 in
1314 3348 1456 3403 diruendo
1467 3346 1573 3404 sacello
1584 3348 1729 3404 Laeuiano
1740 3363 1791 3421 per
1801 3349 1864 3404 Scr-

160 3415 655 3476 adbucmonachumeastatsancti
669 3418 852 3490 llicrorymie
875 3417 987 3474 istolali
1040 3419 1121 3492 giam
1138 3424 1303 3474 constructo
1326 3418 1481 3502 sepulcrali
1503 3419 1635 3489 ejusdem
1659 3435 1747 3475 conce
1770 3419 1865 3474 taculo

160 3491 208 3564 qui
225 3489 334 3545 deiude
350 3489 500 3560 presbyter
515 3488 707 3545 Massiliensis
728 3491 838 3545 electus
855 3437 919 3554 luit,
936 3489 986 3545 de·
1040 3489 1243 3562 casusaliquis
1254 3489 1349 3545 labem
1363 3490 1730 3553 interrot,translerenilum
1741 3437 1867 3546 ducebat

160 3579 242 3618 mum
253 3559 454 3616 Narbonensis
464 3559 598 3614 Ecclesia
609 3560 730 3615 antistes
739 3577 745 3614 :
753 3561 789 3615 ad
800 3577 886 3633 quem
898 3561 984 3615 etiam
1040 3561 1068 3616 in
1079 3567 1191 3644 patrem
1202 3561 1330 3633 aliquam
1343 3561 1600 3616 tutioremi'criini
1609 3560 1700 3616 dilata
1708 3561 1762 3615 luit
1770 3567 1866 3617 trans·

160 3629 866 3702 dataestcelebrisepistoladecretalis'Leoiiis
889 3631 986 3703 Magni
1041 3633 1110 3688 latio
1140 3633 1176 3688 ad
1192 3633 1392 3704 pontificatum
1414 3631 1493 3687 Pauli
1510 3631 1543 3695 V,
1559 3649 1625 3687 cum
1651 3632 1742 3688 moles
1767 3649 1865 3688 recea-

160 3715 242 3760 uam.
259 3703 307 3757 92.
321 3701 462 3758 Venerius
477 3707 574 3758 autem
590 3719 624 3757 eii
642 3703 782 3759 monacho
800 3702 911 3759 Rustici
928 3702 986 3760 col·
1040 3704 1128 3759 tionis
1144 3704 1270 3758 basilicae
1285 3704 1321 3758 ad
1337 3719 1401 3759 eam
1417 3703 1606 3759 elevationem
1619 3703 1682 3774 jum
1698 3706 1776 3758 esset
1799 3719 1864 3775 par·

158 3776 224 3849 lega
238 3773 460 3846 compresbyter
475 3773 604 3845 primum
621 3774 713 3830 evasit
733 3773 867 3830 Ecclesia
884 3773 986 3829 blaesi·
1041 3775 1207 3848 ductaque
1223 3774 1294 3830 citra
1312 3772 1474 3846 periculum
1490 3775 1580 3842 ruina
1596 3779 1746 3846 patoretur
1760 3773 1867 3830 sacella

159 3847 273 3910 liensis,
292 3843 397 3900 deinde
413 3845 545 3915 ejusdem
556 3843 796 3917 episcopus.Cum
809 3845 928 3902 Rustico
940 3861 988 3900 no·
1061 3847 1150 3902 erbci.
1168 3845 1249 3902 Tunc
1264 3863 1330 3901 vero
1346 3863 1361 3901 e
1377 3847 1464 3901 veteri
1479 3845 1639 3900 conditorio
1662 3861 1713 3918 per
1734 3861 1866 3901 mensam

161 3916 337 3974 minatoria
354 3913 477 3988 epistola
492 3917 553 3970 52a
564 3921 664 3970 sancto
681 3915 774 3972 Leone
786 3916 822 3971 ad
835 3916 988 3990 episcopos
1072 3917 1151 3972 aium
1168 3917 1236 3972 anni
1255 3919 1323 3973 1607
1339 3917 1463 3972 solemni
1476 3916 1689 3988 supplicatione
1700 3916 1808 3972 elatum
1821 3933 1865 3972 sa·

161 3987 325 4046 Galliarum
342 3987 411 4042 data
430 3991 495 4059 post
519 3985 676 4042 concilium
700 3985 944 4057 chalcedonense,
959 3991 989 4042 et
1042 4004 1124 4043 crum
1140 4004 1256 4070 corpus,
1273 3992 1301 4042 et
1315 3987 1430 4043 illatum
1447 3987 1502 4042 t'uit
1516 3988 1571 4042 sub
1587 4003 1694 4043 mensae
1717 3986 1816 4042 altaris
1832 3987 1864 4044 B.

162 4077 228 4117 cum
244 4057 368 4114 Rustico
382 4057 543 4113 subscribit
556 4056 586 4112 iii
602 4057 790 4129 responsione
810 4057 986 4129 collegarum
1042 4058 1140 4114 Mariae
1162 4057 1290 4114 Virrinis
1318 4059 1353 4113 do
1382 4059 1529 4122 columna,
1547 4058 1655 4114 ibidem
1681 4057 1865 4114 retinendum

162 4129 509 4201 adLeonmlilagaum,
533 4133 580 4184 ost
592 4127 681 4200 hujus
692 4127 842 4200 epistolam
853 4130 885 4183 51
899 4128 986 4184 edita.
1042 4129 1133 4184 donec
1162 4079 1371 4200 perdicerentur
1399 4133 1571 4184 ornamenta
1600 4128 1724 4210 proximi
1753 4127 1865 4193 attaris,

162 4205 270 4260 aeirus
293 4199 438 4256 Martinus
453 4199 482 4254 in
525 4199 673 4265 aconensi,
691 4199 816 4255 llilarius
840 4199 870 4254 in
895 4197 987 4254 Picta·
1041 4199 1173 4272 ejusdcm
1190 4201 1219 4255 S.
1236 4199 1340 4254 Leonis
1359 4198 1478 4253 nomine
1498 4198 1642 4270 insigniti,
1659 4199 1710 4252 sed
1734 4197 1866 4254 nondum

161 4272 253 4330 densi
271 4277 302 4327 et
317 4271 390 4327 sltor
403 4270 433 4326 iii
447 4269 618 4341 Arelatensi,
635 4271 798 4326 Germanus
814 4269 843 4325 ia
862 4269 987 4326 aiitisio-
1041 4269 1218 4326 constabiliti
1234 4271 1289 4326 sub
1306 4267 1544 4325 Paulo.Porlectis
1555 4269 1672 4322 tandem
1684 4267 1866 4324 ornamentis

161 4342 292 4408 durensi,
308 4341 339 4397 in
356 4341 544 4416 Lugdunensi
559 4341 730 4408 bucherius,
741 4341 772 4396 ia
787 4341 922 4397 Trcceusi
934 4342 989 4398 Lu·
1042 4341 1180 4398 omuibus
1196 4341 1224 4395 iu
1240 4340 1341 4396 eodem
1357 4345 1438 4412 parte
1453 4339 1580 4396 basilica
1598 4339 1652 4394 sub
1668 4337 1816 4394 Clemente
1829 4337 1867 4396 xt

160 4413 343 4490 pus,aliique
367 4413 477 4486 passim
502 4412 699 4485 experimento
722 4427 776 4468 suo
800 4412 991 4484 comprobant
1005 4400 1027 4464 b
1042 4411 1242 4468 translationis
1257 4411 1347 4466 tertia
1364 4410 1567 4494 opportunitas
1582 4409 1680 4466 oblata
1696 4410 1751 4466 luit
1766 4426 1866 4466 mensa

157 4483 988 4559 velcomprobaverant,quautumconterretodoptimum
1041 4483 1150 4556 Aprilis
1166 4483 1233 4538 anni
1252 4483 1330 4548 1711,
1348 4499 1394 4537 cui
1410 4499 1469 4537 uon
1494 4481 1580 4537 modo
1604 4482 1745 4537 interesse
1763 4481 1866 4536 datum

160 4557 271 4616 clerum
288 4553 503 4612 cilormandam
519 4559 692 4627 conspectus
705 4554 768 4610 vitre
785 4569 817 4609 ao
828 4553 988 4627 discipline
1043 4555 1128 4611 nobis
1143 4554 1206 4618 luit,
1219 4555 1269 4610 sed
1285 4553 1372 4610 etiam
1389 4553 1464 4609 sacri
1480 4551 1609 4625 corporis
1624 4551 1739 4623 lipsana
1753 4551 1788 4608 de
1802 4568 1867 4625 pro·

159 4629 307 4714 regularis
322 4626 352 4682 iu
367 4624 648 4698 monasteriistquie
684 4625 784 4682 roinde
796 4625 990 4682 admovebant
1042 4625 1120 4682 ximo
1149 4625 1375 4698 conspicerere
1399 4623 1733 4706 ιιειιειιιιί,εῑιιειιίιιιιιΙ
1754 4621 1784 4706 iii
1813 4639 1867 4680 saa

160 4719 222 4758 suis
238 4697 410 4772 episcopiis,
427 4714 484 4753 ιιοιι
510 4713 595 4752 secus
609 4713 643 4752 ac
658 4643 714 4752 dico
734 4697 887 4752 admovere
902 4697 990 4769 coepit
1043 4697 1111 4754 sede
1126 4696 1356 4768 persistentium,
1373 4712 1407 4751 ac
1421 4695 1545 4751 vestium
1557 4695 1665 4766 quibus
1676 4693 1868 4750 amiciebatur

159 4771 293 4830 basilicis
329 4767 553 4824 atriarcbslibus
564 4768 594 4823 in
610 4767 694 4823 Urbe.
1042 4769 1167 4840 liguram
1183 4765 1372 4822 deliiieare.ld
1388 4766 1464 4821 caim
1482 4767 1611 4821 coiil'erre
1627 4783 1684 4820 ιιοιι
1701 4765 1866 4821 medicavi-

194 4843 287 4900 Liaea
303 4787 347 4896 dd.
364 4871 398 4880 —
413 4841 463 4896 llic
476 4841 616 4895 emistituit
628 4855 710 4911 super
721 4837 864 4910 seputcara
883 4844 988 4910 aposto·
1042 4839 1166 4894 debatur
1179 4839 1214 4893 ad
1239 4837 1350 4910 aliquot
1374 4837 1598 4892 sacerdotalium
1624 4841 1864 4892 ornamentorum

159 4915 249 4970 brem
279 4911 412 4977 meroes,
437 4911 485 4982 qui
511 4909 640 4966 dicuutur
667 4909 842 4978 craticularit,
861 4925 896 4964 ea
918 4909 989 4965 clere
1042 4909 1263 4981 dispositionem
1275 4909 1488 4980 assequendam
1500 4909 1678 4976 iuxtausum
1691 4906 1784 4963 aetatis
1799 4908 1866 4964 Leo-

160 4988 291 5043 limaeam
310 4984 417 5038 Praeter
431 4981 576 5048 ostiarios,
593 4982 628 5037 ad
645 4979 841 5035 ministerium
861 4979 988 5035 ecclesie
1043 4981 1135 5036 uisne
1153 4979 1311 5051 pracsertim
1327 4995 1392 5035 vero
1408 4980 1443 5034 de
1459 4963 1547 5050 pallio
1562 4978 1639 5034 circa
1658 4979 1796 5034 humeros
1812 4979 1865 5035 du·

160 5061 189 5113 et
204 5058 238 5114 ad
258 5055 296 5112 sii
321 5072 359 5110 ua
374 5052 475 5110 altaris
495 5052 590 5108 cilicia
612 5052 776 5124 deputatos,
793 5049 989 5106 cubicularios
1042 5055 1087 5107 cto
1102 5057 1130 5106 et
1146 5051 1257 5105 acubus
1271 5049 1369 5116 inilxo,
1381 5065 1494 5104 necnon
1505 5050 1540 5104 de
1552 5049 1656 5122 capitis
1666 5048 1866 5122 integumento

157 5127 288 5184 instituit
334 5143 368 5182 eo
397 5123 522 5198 Magnus
550 5124 586 5179 ad
617 5123 751 5196 sepulcra
777 5119 987 5193 apostolorum.
1042 5139 1076 5178 eii
1091 5121 1126 5176 iis
1142 5139 1205 5193 quia
1220 5122 1357 5193 adoperto
1373 5121 1437 5192 ejus
1453 5120 1557 5175 ieretro
1578 5121 1798 5192 spectabuntur.
1816 5121 1865 5176 la-

161 5199 221 5256 lltis
236 5199 318 5256 enim
334 5195 508 5278 plerumque
518 5195 554 5250 ad
565 5195 730 5276 ingressum
740 5191 987 5248 etloresecclesira
1043 5209 1169 5249 sorerem
1182 5192 1261 5248 hisce
1278 5192 1355 5247 notis
1372 5192 1512 5264 integram
1525 5190 1676 5247 historiam
1691 5209 1758 5248 cam
1769 5191 1865 5248 anim-

159 5270 325 5327 sistendum
342 5272 423 5335 erat;
439 5265 486 5322 bis
496 5266 688 5322 custodienda
699 5264 838 5320 interiora
849 5263 986 5330 cubiculi,
1041 5264 1261 5320 adsensionibus
1278 5263 1307 5317 in
1323 5261 1407 5346 plura
1422 5263 1519 5334 capita
1529 5262 1681 5329 ordinatis,
1693 5263 1750 5318 nisi
1765 5262 1800 5318 ad
1816 5279 1865 5334 po-

160 5357 211 5397 seu
227 5338 352 5396 thalami
368 5337 507 5404 ecelesiis,
524 5353 629 5419 nempe
643 5335 734 5403 chori,
751 5339 780 5390 ot
804 5335 986 5407 presbyterii,
1042 5339 1184 5391 stremum
1199 5341 1312 5390 tomum
1328 5334 1413 5388 istius
1429 5333 1525 5405 operis
1536 5333 1730 5416 opportunius
1741 5348 1866 5414 reserva:

163 5417 212 5470 aut
226 5412 316 5468 etiam
333 5427 368 5466 ca
389 5409 460 5476 ellae,
477 5413 509 5464 ut
523 5407 664 5464 cardinali
686 5405 810 5462 Bmouio
833 5406 928 5460 visum
945 5409 989 5460 est
1042 5411 1121 5463 retur
1136 5407 1252 5478 quando
1268 5405 1304 5461 ad
1320 5404 1411 5476 Sergii
1429 5405 1516 5477 primi
1538 5411 1627 5460 vitam
1652 5403 1864 5460 bibliothecarii

160 5483 196 5538 ad
212 5499 325 5538 annum
342 5427 405 5548 tdl,
422 5497 504 5536 num.
518 5479 562 5549 11,
574 5478 760 5562 huncipsum
772 5475 986 5532 bibliothecarii
1040 5481 1137 5534 textus
1154 5493 1206 5532 nos
1220 5477 1472 5532 doduceidtlonere
1488 5481 1585 5530 tamen
1597 5475 1863 5557 debemus,ieonem

160 5552 257 5610 locam
286 5554 328 5608 ita
353 5551 531 5634 exponenti:
548 5572 562 5600 «
579 5551 628 5622 qui
651 5548 784 5605 dicuutur
808 5548 987 5604 cubiciitarii.
1041 5549 1115 5605 socri
1132 5547 1262 5620 corporis
1277 5546 1382 5602 Leonis
1398 5547 1505 5620 Magni,
1518 5562 1649 5671 puamex
1661 5545 1801 5626 Grimaldi
1814 5561 1864 5628 pu·

161 5625 238 5691 Quos
257 5625 346 5682 modo
367 5621 494 5679 dicimus
519 5620 695 5694 capellanos.
711 5617 885 5678 Cubiculum
908 5619 987 5675 enim
1041 5619 1182 5693 tographo
1197 5619 1227 5676 iii
1243 5617 1359 5674 archivo
1381 5617 1542 5674 canonicai
1565 5616 1710 5672 Vaticana
1737 5615 1862 5672 basilicis

158 5695 239 5754 idem
253 5694 345 5754 luisse
359 5693 438 5770 apud
458 5691 596 5767 antiquos
618 5691 697 5765 qaod
720 5690 808 5749 hodio
832 5690 909 5764 spud
934 5705 988 5747 aes
1041 5691 1186 5748 custodito
1202 5688 1327 5748 fideliter
1345 5691 1550 5762 expresserunt
1573 5687 1632 5745 itii.
1650 5687 1702 5747 PP.
1716 5686 1861 5744 Hensche·
