4048 6174
210 163 290 226 totta
781 165 988 230 lacerasti
1009 162 1335 228 ulumoruucmul.
1799 175 1864 240 *le
1961 159 1966 228 's

332 328 415 383 m
438 318 538 401 liujus
568 320 704 402 denique
736 325 931 406 temporibus
962 343 1113 406 magnum
1148 321 1331 387 thesaurum
1364 319 1516 384 Dominus
1542 319 1622 381 Deus
1650 327 1748 386 noster
1775 327 1865 398 iubae

289 433 432 490 Romana
454 429 531 491 urbe
553 447 610 510 per
638 431 783 494 eumdem
805 433 976 494 almificum
1008 435 1187 514 pontificem
1220 429 1386 512 propalare
1415 427 1563 506 dignatus
1592 433 1646 490 est.
1668 431 1700 491 lu
1725 437 1867 500 venerabili
1959 472 1964 499 r

289 534 398 616 itaque
428 535 620 616 patriarchio
651 539 898 600 sacratissimum
929 539 1014 601 beati
1044 539 1169 618 Georgii
1198 536 1346 616 martyris
1381 533 1479 596 isdem
1515 533 1721 598 sanctissimus
1750 543 1867 620 papeia

287 661 384 723 capsa
405 643 603 705 reconditum
626 645 743 725 reperit
764 651 871 727 caput,
893 646 927 706 iu
949 665 1012 727 quo
1034 651 1066 708 et
1086 644 1254 727 pictacium
1276 642 1317 725 (a)
1331 642 1454 704 invenit
1473 640 1591 722 pariter
1610 640 1714 704 littaris
1732 653 1866 712 arantum

248 749 414 824 5Grcacis,
438 749 541 831 ipsum
578 769 644 812 esse
674 751 899 830 significantes.
923 753 982 826 Oui
1011 752 1225 814 sanctissimus
1257 767 1341 832 papa
1369 747 1499 812 omnino
1521 733 1628 808 hilaris
1661 753 1691 810 et
1709 751 1868 831 satisfactus,
1962 752 1966 769 ¹

203 861 208 872 “
288 856 373 919 illico
395 862 567 936 aggregato
590 859 741 920 Romanae
762 856 850 920 urbis
871 859 1001 940 populo,
1025 878 1096 921 cum
1119 859 1246 940 hymnis
1266 863 1298 918 et
1318 855 1456 942 canticis¹
1468 853 1679 936 spiritualibus
1701 855 1732 918 in
1761 875 1869 922 ranam-

287 963 510 1035 bilidiaconia
539 962 607 1042 ejus
637 965 784 1040 nominis,
808 965 870 1026 situ
905 965 939 1026 iu
973 966 1033 1028 hac
1065 969 1209 1027 Romana
1240 963 1376 1038 civitate,
1400 959 1527 1041 regione
1549 961 1693 1036 secunda,
1719 962 1755 1024 ad
1780 965 1870 1030 Vclun

286 1073 434 1144 Aureum,
458 1069 537 1131 illud
558 1070 671 1132 deduci
701 1071 794 1144 lecit,
818 1072 871 1134 ubi
902 1073 1057 1134 immensa
1089 1071 1242 1132 miracula
1269 1077 1301 1132 et
1334 1068 1488 1131 banellcia
1520 1068 1716 1148 omnipotens
1745 1069 1816 1133 Dens
1840 1073 1872 1134 ad

285 1177 411 1240 laudem
436 1171 571 1238 nominis
592 1177 641 1237 sui
671 1196 728 1258 per
758 1179 902 1240 eumdem
934 1167 1180 1241 sacratissimum
1212 1181 1380 1257 martyrem
1403 1173 1529 1257 operari
1553 1173 1700 1254 dignatur
1726 1175 1773 1257 lt).
1792 1178 1872 1259 liujus

227 1288 264 1349 l0
285 1283 480 1364 temporibus
505 1285 670 1345 detunctus
692 1285 877 1347 rtheodorus
898 1285 1011 1365 major,
1033 1286 1118 1346 lilius
1148 1284 1271 1364 hlcgisti
1292 1283 1331 1365 (c)
1352 1281 1529 1356 Gutaxanti,
1551 1281 1593 1343 ob
1622 1282 1740 1344 ueniam
1768 1303 1872 1348 sucmm

286 1391 485 1463 delictorum,
510 1390 663 1470 praedium
686 1409 749 1472 quo
772 1410 810 1452 ex
832 1391 1016 1455 haereditate
1038 1392 1201 1454 fruebatur
1223 1397 1366 1472 paterna,
1391 1389 1484 1451 situm
1507 1388 1617 1469 quinto
1638 1389 1677 1449 ab
1706 1388 1761 1450 hac
1778 1392 1872 1454 Rorna-

286 1517 326 1560 na
348 1498 425 1558 urbe
448 1497 604 1572 milliario,
631 1497 683 1560 via
703 1499 880 1568 Tiburtina,
903 1499 936 1559 iu
958 1518 1021 1579 quo
1043 1504 1074 1560 at
1095 1499 1268 1560 oratorium
1291 1503 1409 1559 sauclae
1429 1494 1561 1558 Caeciliae
1584 1493 1626 1576 (d)
1647 1513 1712 1557 asse
1741 1497 1873 1576 dignosci-

286 1611 349 1680 tur,
371 1605 464 1666 beato
496 1606 589 1666 Petro
620 1605 760 1684 reliquit.
795 1604 885 1678 Quod
909 1604 977 1684 ipsc
1006 1604 1205 1668 beatissimus
1236 1622 1319 1685 papa
1352 1619 1476 1682 magna
1511 1600 1747 1664 constructionis
1772 1603 1874 1666 fabricis

286 1719 381 1793 atquc
412 1711 542 1792 picturis
572 1711 743 1785 decoravit,
767 1711 994 1792 ampliavitque
1028 1711 1060 1773 in
1094 1731 1131 1774 co
1162 1712 1240 1772 fines
1269 1729 1308 1772 eu
1342 1709 1428 1771 omni
1458 1715 1559 1789 parte.
1588 1710 1666 1770 Data
1694 1709 1771 1770 enim
1799 1710 1873 1789 digua
1964 1740 1965 1750 κ

226 1820 263 1880 lu
285 1817 577 1899 recompensatione
599 1817 648 1879 his
670 1818 777 1898 quiin
801 1817 903 1882 uicino
926 1817 1067 1898 ejusdem
1097 1818 1159 1880 loci
1188 1817 1400 1899 possessiones
1431 1822 1537 1878 tenere
1565 1814 1759 1888 videbantur,
1779 1815 1876 1878 nemini
1962 1833 1965 1883 ,¹

285 1925 348 1986 vim
370 1925 519 1997 inferens,
542 1924 595 1986 sed
619 1924 719 2003 magis
741 1931 777 1986 ut
798 1925 948 1987 condecet
969 1925 1063 2006 patri,
1086 1928 1203 1986 cuneta
1223 1943 1312 1986 secus
1333 1922 1478 1986 eumdem
1499 1921 1607 1984 locum
1627 1921 1726 1983 amica
1756 1922 1875 2002 pactione

286 2030 386 2111 pretio
420 2030 496 2091 emit
526 2023 656 2110 praedis.
689 2031 728 2091 ltt
769 2031 898 2093 domum
930 2031 1059 2106 cultam,
1093 2032 1186 2094 beato
1221 2033 1313 2094 Patro
1348 2029 1494 2092 eumdem
1529 2028 1635 2090 lucram
1660 2027 1729 2108 jure
1750 2031 1876 2109 perpetuu
1964 2042 1965 2052 ¹

284 2137 395 2198 statuit
416 2135 677 2217 permanendum.
701 2137 776 2208 Once
798 2138 1012 2200 domusculta
1032 2144 1149 2200 sanctae
1174 2136 1307 2199 Caeciliae
1329 2155 1427 2217 usque
1457 2136 1489 2197 in
1521 2135 1706 2198 hodiernum
1737 2133 1811 2197 diem
1833 2155 1875 2196 vc

285 2249 385 2304 catur.
409 2241 591 2304 Construxit
612 2241 728 2322 quippe
750 2248 782 2304 ct
802 2243 835 2303 in
857 2261 895 2304 ea
918 2244 1090 2305 oratorium
1112 2243 1213 2304 sancti
1234 2242 1393 2322 Abbacyri
1413 2240 1463 2323 (c),
1487 2241 1541 2302 ubi
1571 2246 1604 2302 et
1633 2240 1745 2302 multas
1772 2247 1874 2302 sancto-

223 2351 263 2412 20
285 2367 354 2410 rum
376 2346 518 2409 condidit
540 2346 701 2426 reliquias.
724 2348 824 2419 Quam
851 2348 996 2410 videlicet
1016 2349 1144 2410 domum
1168 2348 1285 2410 cultam
1315 2349 1384 2410 usui
1415 2349 1544 2428 proprio
1574 2347 1737 2410 dominice
1757 2347 1875 2407 videlicet

284 2455 461 2518 traditionis
485 2454 662 2533 descripsit.
685 2454 741 2516 Hie
763 2455 925 2516 constituit
946 2455 1041 2517 aliam
1064 2455 1191 2517 domum
1216 2455 1333 2516 cultam
1355 2455 1387 2516 in
1409 2454 1531 2517 decimo
1553 2459 1667 2534 quarto
1695 2453 1827 2516 milliario
1845 2453 1875 2513 ab

284 2564 343 2624 hac
366 2565 507 2624 llomana
529 2561 604 2622 urbe
627 2559 853 2640 patrimonium
876 2559 922 2642 (f)
944 2563 1077 2634 Tusciae,
1108 2567 1140 2623 et
1172 2561 1448 2624 constitutionibus
1479 2561 1632 2640 obligavit
1662 2560 1729 2620 usui
1756 2559 1876 2622 bcclcsm

282 2668 542 2752 permanendum,
567 2668 663 2729 ctiam
687 2667 757 2728 loca
778 2687 849 2748 qum
872 2668 912 2729 ab
934 2672 1026 2730 Anna
1047 2669 1158 2731 relicta
1178 2668 1339 2749 quondam
1362 2667 1402 2750 (y)
1425 2667 1602 2747 hgathouis
1623 2666 1784 2748 primicerii
1802 2666 1875 2726 beata

281 2780 374 2839 Petro
397 2775 544 2836 videntur
565 2792 642 2849 csse,
667 2792 825 2836 concessa.
849 2776 906 2836 Hie
928 2794 1046 2838 massas
1067 2795 1139 2856 quae
1163 2780 1319 2838 vocantur
1350 2779 1448 2838 hntro
1479 2780 1511 2837 et
1541 2775 1684 2837 Formias
1713 2792 1766 2836 suo
1793 2771 1876 2834 studia

222 2887 260 2946 25
282 2885 351 2966 jure
373 2883 458 2944 beati
478 2881 564 2943 Petri
586 2880 762 2961 acquisivit,
787 2901 865 2963 quas
887 2888 919 2946 ct
940 2883 1051 2946 domos
1073 2883 1175 2944 cultas
1196 2881 1317 2944 statuit.

324 3023 407 3078 m
430 3018 470 3077 Et
491 3013 529 3076 de
550 3013 697 3076 omnibus
719 3014 863 3095 superius
884 3015 1015 3076 adnexis
1036 3015 1224 3078 domocultis
1246 3014 1287 3097 (la)
1309 3015 1491 3096 apostolicas
1512 3013 1704 3090 exarationis
1733 3013 1876 3076 constituta

281 3123 409 3191 iaciens,
434 3127 528 3201 atqua
550 3120 743 3183 sacerdotale
765 3121 932 3200 collegium
954 3140 1141 3202 aggregans,
1164 3123 1222 3182 sub
1244 3121 1457 3183 anathematis
1486 3120 1757 3184 interdictionibus
1788 3117 1876 3180 statuit

280 3227 359 3288 nulli
380 3244 508 3306 quoquo
532 3225 624 3287 modo
646 3243 861 3286 successorum
882 3226 949 3306 ejus
971 3227 1168 3307 pontificum,
1192 3227 1240 3288 vel
1270 3227 1324 3289 alii
1354 3227 1482 3288 cuilibet
1514 3245 1673 3308 persona,
1697 3226 1785 3287 licere
1810 3223 1875 3303 ipsas

279 3336 389 3396 domos
410 3334 510 3394 cultas
532 3332 572 3394 ab
596 3352 654 3394 usu
685 3333 832 3394 ltcclcsiaa
864 3332 1023 3414 quomodo
1054 3334 1203 3396 alienare.
1227 3334 1284 3395 llic
1312 3333 1387 3396 iecit
1417 3337 1534 3395 vestem
1567 3352 1664 3416 super
1693 3332 1785 3395 altare
1809 3328 1876 3391 beati

237 3446 255 3504 5
279 3441 412 3504 Andreae
434 3439 569 3520 apostoli
590 3435 628 3500 ad
652 3439 778 3501 beatum
802 3441 932 3501 Petrum
955 3440 1049 3501 nimis
1071 3441 1237 3521 optimam.

319 3581 404 3637 πθ
426 3573 482 3633 Ηίο
511 3571 711 3634 beatissimus
739 3591 823 3653 papa
859 3573 968 3634 statuit
991 3576 1026 3634 ut
1055 3573 1173 3636 crebris
1202 3555 1314 3635 diebus
1344 3573 1567 3635 alimentorum
1601 3578 1752 3654 sumptus,
1781 3571 1828 3652 qui
1850 3573 1874 3629 et
1965 3563 1966 3572 ’

278 3681 478 3760 eleemosyna
500 3697 599 3759 usque
620 3697 704 3740 nanc
726 3679 915 3759 appellatur,
932 3679 971 3741 de
992 3680 1164 3742 venerabili
1195 3680 1385 3760 patriarchio
1407 3699 1427 3742 a
1448 3681 1664 3762 paraccllariis
1694 3679 1729 3762 (a)
1749 3675 1873 3760 pauperi-

277 3786 337 3846 bus
358 3789 390 3845 et
411 3783 584 3864 peregrinis
606 3784 660 3863 qui
682 3784 722 3844 ad
744 3784 872 3845 beatum
896 3787 1022 3846 Petrum
1045 3791 1221 3859 morantur,
1243 3784 1403 3866 deportari
1431 3787 1538 3866 eisque
1560 3786 1697 3866 erogari.
1720 3787 1834 3846 Necnon
1851 3785 1875 3839 et

277 3891 423 3954 omnibus
445 3896 477 3952 et
497 3891 645 3970 inopibus
666 3895 698 3952 ct
718 3890 851 3952 infirmis
873 3911 928 3971 per
950 3892 1111 3954 universas
1133 3892 1276 3971 regiones
1297 3892 1387 3954 istius
1409 3893 1560 3954 Romanae
1591 3892 1678 3954 urbis
1709 3886 1874 3960 constitutis,
1966 3891 1967 3894 ’

236 4001 255 4060 5
276 3998 419 4061 eamdem
443 3998 586 4058 similiter
606 3997 752 4082 distribui
779 3998 848 4078 ipsa
869 3998 1090 4060 alimentorum
1114 3998 1277 4060 constituit
1303 3999 1548 4079 eleemosynam.
1574 3999 1676 4079 Hujus
1707 3993 1874 4078 temporibus
1967 3975 1968 3992 *

276 4106 409 4185 contigit
429 4104 533 4166 subito
557 4111 704 4182 tegumen
727 4103 781 4186 (μ),
798 4104 880 4166 tituli
901 4105 985 4166 beati
1006 4104 1122 4168 Christi
1144 4105 1290 4186 martyris
1311 4105 1438 4167 Eusebii
1459 4105 1583 4168 cadere.
1607 4106 1666 4179 Qui
1688 4101 1875 4167 sanctissimus

275 4214 323 4274 vir
345 4232 415 4274 cum
439 4217 504 4273 tcta
519 4229 575 4273 sua
596 4210 760 4273 decertans
781 4207 909 4285 virtute,
932 4211 1166 4293 prudenterque
1187 4211 1365 4286 elaborans,
1389 4214 1472 4273 sicut
1501 4213 1679 4293 antiquitus
1699 4212 1765 4284 fuit,
1787 4219 1875 4270 rursus
1964 4211 1968 4255 t

275 4321 359 4401 quod
382 4319 538 4381 ceciderat
559 4319 718 4400 reparavit
739 4324 833 4400 atquc
861 4319 979 4399 optime
1012 4319 1211 4380 restauravit.
1233 4319 1289 4380 llic
1320 4319 1498 4400 praecipuus
1528 4320 1672 4400 pontileu
1701 4317 1795 4380 inulta
1819 4313 1875 4374 loca

277 4423 457 4490 sanctorum
480 4425 511 4486 in
536 4427 698 4486 meliorem
723 4431 840 4487 statum
866 4425 1023 4506 perduxit.
1044 4428 1084 4486 Et
1104 4431 1205 4487 vestes
1227 4425 1364 4506 optimas
1386 4426 1617 4506 superaltaria
1639 4423 1811 4488 earumdem
1829 4415 1873 4480 uei

277 4534 478 4596 ecelesiarum
501 4531 585 4593 lecit.
608 4531 666 4593 llic
687 4531 798 4594 dilexit
818 4531 938 4593 clerum
960 4551 1051 4592 suum
1075 4531 1165 4593 valde
1201 4537 1297 4612 atque
1327 4531 1524 4612 presbyteria
1554 4532 1600 4593 eis
1622 4550 1727 4594 annue
1746 4531 1776 4593 in
1796 4523 1873 4605 duplo
1965 4508 1968 4639 l

216 4642 254 4700 l0
274 4647 306 4700 et
326 4640 462 4720 amplius
485 4639 597 4700 tribuit
620 4657 626 4699 :
651 4657 761 4700 omnes
784 4644 893 4718 utpote
915 4644 1005 4718 pater
1026 4644 1058 4700 et
1078 4639 1180 4699 bouus
1215 4644 1324 4718 pastor
1358 4639 1552 4719 amplectens
1583 4645 1614 4700 et
1636 4638 1754 4701 utiliter
1772 4638 1871 4706 lateas,
1965 4647 1969 4760 μ

276 4751 307 4804 et
328 4745 454 4824 penitus
478 4744 659 4824 quempiam
684 4745 814 4805 minime
836 4743 982 4805 tribulari
1005 4743 1200 4825 permittens.
1224 4743 1324 4824 Hujus
1359 4745 1467 4824 itaque
1502 4745 1699 4825 temporibus
1729 4745 1759 4805 iu
1780 4749 1872 4816 magua
1968 4763 1969 4778 ¹

275 4851 442 4910 securitate
466 4857 497 4911 et
519 4849 628 4911 laetitia
649 4852 785 4933 populas
806 4871 826 4913 a
846 4854 910 4914 Deo
942 4851 988 4913 illi
1020 4852 1206 4914 commissus
1227 4851 1343 4931 degens
1371 4851 1461 4912 uixit.
1497 4853 1553 4914 llic
1584 4852 1779 4917 beatissimus
1805 4859 1871 4927 papa

275 4972 331 5016 suo
355 4955 599 5035 prudentissimo
622 4955 736 5032 studio,
760 4977 840 5038 quos
860 4959 963 5020 beatae
985 4958 1213 5020 recordationis
1235 4957 1403 5038 Gregorius
1423 4976 1507 5040 papa
1528 4959 1613 5034 lecit„
1636 4965 1770 5041 quatuor
1788 4949 1872 5016 llialc·

826 5285 950 5332 aarum
970 5283 1163 5331 uaussltlhuus
1183 5282 1342 5332 lacuerat.

230 5549 268 5630 (a)
284 5547 447 5632 pittacium.
473 5549 524 5634 th)
540 5550 747 5634 dignatusest.
787 5552 821 5622 (c)
839 5554 868 5620 C,
885 5551 973 5626 regis.
989 5558 1021 5622 u,
1037 5551 1186 5682 magnifici
1202 5549 1364 5606 Gataxauti.
1401 5550 1441 5624 (dl
1457 5551 1644 5636 C3llcclesisa.
1682 5549 1757 5638 (qd,
1775 5539 1869 5626 “hblli'
1967 5519 1968 5522 Ἴ

194 5617 591 5768 Gygqtefflqtptqtqmcmo.
629 5621 1318 5700 (q)tamloca,quamaunuareactaquedam.
1355 5623 1651 5696 (aldomabueaultrs.
1687 5615 1867 5699 (ttaccllauu.
1962 5702 1968 5885 Ι
