4048 6174
146 135 228 200 {085
498 139 686 206 flffironra
706 139 759 205 Db
779 142 882 207 VI'l'lS
904 141 999 207 llssld.
1022 143 1139 208 PON'l'.
1155 177 1195 190 -
1209 143 1441 211 srurhanus
1461 145 1501 210 ll.
1525 137 1532 150 ’
1777 143 1856 214 lffld

229 269 478 336 misericordiam
500 274 625 336 Domini
646 275 702 338 Dei
723 275 823 339 nostri
847 282 1001 358 petentes,
1024 283 1055 340 et
1084 278 1182 360 ipsius
1209 278 1345 341 dominre
1376 283 1491 342 nostrae
1520 285 1637 343 sanctae
1666 299 1855 364 semperque

227 377 360 459 virginis
380 379 437 442 Dei
460 379 594 442 Genitris
614 381 734 458 Marias,
756 382 842 446 bono
865 382 971 447 animo
993 389 1025 446 et
1044 403 1183 446 consona
1203 403 1279 447 voca
1301 385 1486 466 pradictum
1508 386 1724 450 beatissimum
1750 391 1853 454 virum

227 485 288 550 sibi
308 485 431 566 eligunt
451 487 646 566 pontificem.
669 490 775 570 Quem
792 509 903 553 omnes
923 491 1046 554 sincera
1067 497 1171 554 mente
1202 511 1274 554 cum
1303 492 1406 554 laudis
1437 493 1603 573 praeconiis
1630 492 1663 555 in
1690 495 1853 559 basilicam

226 592 411 667 Salvatoru's,
441 612 513 674 qua
541 595 721 677 appellatur
761 598 1034 673 Constantiniana,
1062 599 1321 680 deportaverunt,
1349 605 1380 660 et
1417 599 1530 661 exinde
1567 600 1652 662 intus
1686 607 1851 678 venerunt,

163 700 203 761 l5
227 705 260 762 et
286 698 319 761 in
348 699 577 780 patriarchium
600 701 694 783 juxta
722 721 843 766 morem
871 705 1123 769 intromiserunt.

267 849 351 905 ηδ
381 844 459 907 Erat
485 844 569 907 enim
598 845 698 908 isdem
726 845 928 911 beatissimus
956 867 1042 930 papa
1064 853 1188 912 amator
1213 848 1421 911 Ecclesiarum
1446 846 1513 923 Dei,
1540 848 1741 912 traditionem
1756 852 1851 915 etiam

224 948 468 1013 ecclesiasticam
503 953 597 1014 firma
633 951 806 1016 stabilitate
842 972 1032 1018 conservans
1070 955 1125 1036 (o).
1160 956 1340 1037 Pauperum
1379 954 1495 1017 Christi
1530 954 1621 1017 velox
1666 957 1849 1023 subventor·

224 1057 312 1119 verbi
339 1057 396 1119 Dei
424 1058 457 1119 in
485 1076 603 1139 magna
631 1061 810 1123 constantia
838 1061 1026 1142 praedicator
1055 1078 1063 1123 τ
1093 1061 1212 1126 Viduas
1244 1068 1276 1124 et
1312 1063 1449 1143 pupillos
1488 1063 1588 1125 multo
1625 1063 1738 1126 melius
1773 1065 1849 1127 risi-

223 1168 295 1226 taus
315 1163 368 1246 (b),
398 1164 589 1254 fortissimus
616 1167 711 1229 etiam
740 1167 830 1230 ovilis
853 1169 903 1230 sui
930 1187 1002 1230 cum
1029 1168 1086 1232 Dei
1113 1169 1229 1232 virtute
1266 1168 1421 1231 defensor.
1453 1171 1524 1232 blox
1558 1188 1633 1232 vero
1662 1173 1852 1236 restauravit

180 1271 256 1333 det
283 1275 421 1352 quatuor
449 1272 481 1333 iu
510 1271 570 1335 hac
599 1273 742 1336 Romana
771 1274 850 1337 urbe
879 1275 938 1340 sita
953 1274 1129 1357 antiquitus
1156 1275 1364 1351 xenodochia,
1395 1296 1466 1357 quae
1494 1295 1513 1338 a
1539 1275 1697 1340 diuturnis
1723 1283 1755 1342 et
1779 1279 1849 1343 lon-

222 1377 350 1459 ginquis
379 1379 579 1460 temporibus
606 1381 759 1443 destituta
787 1382 969 1457 manebant,
998 1389 1030 1445 et
1057 1383 1089 1444 in
1117 1384 1161 1445 eis
1202 1383 1361 1446 ordinavit
1387 1402 1513 1445 omnem
1543 1384 1711 1446 utilitatem
1737 1385 1770 1446 in
1797 1384 1847 1446 di·

221 1485 320 1548 uarsis
349 1501 459 1548 eorum
488 1487 566 1548 locis
595 1486 767 1568 disponens
793 1487 879 1551 intus
907 1489 1001 1552 etiarn
1031 1496 1063 1552 ct
1089 1491 1175 1565 ioris,
1204 1490 1237 1552 in
1266 1490 1380 1572 quibus
1408 1496 1440 1553 et
1467 1491 1567 1553 multa
1594 1491 1729 1554 contulit
1751 1491 1848 1566 dona,

220 1611 293 1674 qum
321 1598 352 1655 et
379 1613 437 1674 per
466 1595 626 1676 privilegii
652 1595 802 1677 paginam
833 1597 893 1658 sub
923 1598 1133 1660 anathematis
1161 1599 1327 1661 interdicto
1365 1598 1574 1660 confirmavit.
1605 1598 1677 1660 Pari
1703 1599 1796 1661 modo
1825 1619 1846 1662 a

219 1719 303 1763 novo
330 1701 480 1764 fundasse
509 1701 704 1790 dignoscitur
733 1707 764 1766 et
795 1703 1025 1767 xenodochium
1053 1705 1086 1767 in
1114 1706 1270 1768 Plantana
1297 1705 1346 1788 (c),
1377 1711 1502 1767 centum
1531 1723 1706 1787 pauperum
1730 1704 1848 1772 Christi

155 1808 400 1890 {crepantum
428 1809 493 1871 illic
516 1809 645 1885 iaciens,
677 1809 895 1892 quotidianum
926 1811 1070 1875 videlicet
1095 1813 1212 1875 victum
1241 1831 1350 1875 eorum
1379 1813 1551 1876 decernens
1578 1813 1685 1875 tribui.

261 1959 345 2018 m
374 1953 453 2013 Nam
482 1957 514 2014 et
540 1953 617 2015 loris
646 1971 754 2016 muros
782 1953 877 2034 hujus
904 1954 1038 2017 civitatis
1065 1957 1215 2018 Romana
1243 1974 1331 2018 secus
1357 1954 1519 2017 basilicam
1548 1955 1632 2018 beati
1657 1954 1740 2018 Petri
1750 1973 1829 2036 apos

219 2057 276 2120 toli
305 2057 367 2120 duo
394 2057 470 2122 lecit
497 2058 708 2137 xenodochia,
738 2059 771 2122 in
800 2061 915 2142 quibus
943 2065 974 2123 et
994 2061 1087 2143 plura
1114 2062 1249 2125 contulit
1276 2063 1372 2137 bona,
1401 2081 1472 2143 qua
1500 2067 1532 2124 et
1558 2061 1689 2124 sociarit
1714 2080 1843 2124 venera·

217 2163 333 2227 bilibus
371 2165 524 2228 diaconiis
560 2165 625 2228 illic
661 2167 737 2228 ioris
773 2167 978 2230 existentibus
1016 2169 1198 2249 perenniter
1236 2187 1421 2250 permanere
1458 2167 1513 2249 (d),
1541 2167 1575 2229 id
1607 2171 1655 2232 est
1678 2167 1832 2230 diaconiae

216 2277 335 2334 sancta
362 2273 419 2335 Dei
440 2273 616 2347 Genitricis,
646 2277 677 2335 ot
704 2273 790 2336 beati
816 2274 956 2336 Silvestri
983 2276 1067 2354 duae,
1097 2281 1128 2338 et
1154 2275 1326 2358 privilegiis
1351 2273 1530 2356 apostolicis
1559 2274 1739 2355 perenniter
1769 2293 1843 2358 per·

173 2379 193 2439 5
218 2380 376 2441 manenda
402 2378 547 2462 munivit.

259 2521 343 2576 m
369 2512 408 2594 (e)
437 2514 523 2575 luter
549 2512 618 2576 haec
647 2531 722 2576 vero
749 2513 825 2574 dum
851 2533 968 2595 magua
991 2516 1167 2596 persecutio
1197 2534 1216 2578 a
1241 2514 1520 2595 Langobardorum
1543 2532 1617 2594 rege
1640 2513 1775 2578 distullo
1807 2512 1847 2597 (Ι)

212 2619 246 2684 in
272 2620 332 2682 bac
361 2621 504 2683 itomana
531 2620 610 2683 urbe
638 2622 688 2682 vel
712 2620 951 2700 subjacentibus
976 2621 1003 2684 ei
1038 2622 1218 2684 civitatibus
1242 2621 1425 2697 exstitisset,
1456 2626 1489 2684 et
1512 2619 1682 2684 vehemens
1705 2619 1847 2700 ejusdem

215 2727 299 2808 regis
326 2726 449 2790 sevitia
475 2725 666 2802 immineret,
696 2726 780 2790 illioo
808 2726 907 2790 isdem
933 2727 1134 2791 beatissimus
1163 2746 1248 2809 papa
1282 2728 1376 2790 tertio
1405 2727 1605 2808 apostolatus
1638 2727 1846 2790 ordinationis

214 2853 280 2898 suae
307 2852 415 2898 mense
443 2833 614 2916 disponens
641 2851 733 2896 suum
759 2852 947 2913 germanum
976 2833 1219 2909 sanctissimum,
1249 2833 1369 2896 scilicet
1395 2833 1530 2896 Paulum
1556 2833 1724 2895 diaconum
1749 2839 1845 2916 atque

171 2943 191 3003 5
223 2941 422 3004 Ambrosium
452 2939 678 3023 primicerium,
707 2939 852 3021 plurimis
888 2940 930 3022 (g)
960 2959 1032 3002 cum
1077 2941 1260 3003 muneribus
1296 2940 1338 3002 ad
1377 2941 1523 3003 cumdem
1561 2939 1845 3020 Langobardorum

216 3065 323 3128 regem
351 3047 519 3110 histultum
548 3047 589 3109 ad
617 3045 705 3128 pacis
732 3046 944 3130 ordinandum
982 3051 1078 3128 atquo
1105 3046 1359 3110 confirmandum
1387 3047 1510 3110 ioedera
1545 3044 1641 3108 misit.
1672 3046 1731 3118 Oui
1767 3065 1846 3128 prae·

218 3155 275 3218 tati
302 3153 361 3218 viri
387 3154 429 3216 ad
462 3173 534 3218 eum
562 3153 794 3227 convenientes,
823 3152 992 3234 impartitis
1017 3153 1211 3228 muneribus,
1242 3172 1306 3234 quo
1333 3152 1456 3214 facilius
1480 3153 1591 3215 eadem
1615 3169 1673 3233 pro
1702 3170 1735 3214 ra
1759 3153 1845 3233 apud

217 3280 290 3323 eum
318 3260 536 3342 impetmrenl,
564 3260 597 3322 in
627 3259 839 3340 quadraginta
874 3278 1031 3322 armorum
1070 3260 1175 3343 spatia
1210 3258 1297 3341 pacis
1336 3259 1440 3322 ioedus
1477 3277 1549 3321 oum
1586 3276 1623 3321 eo
1662 3259 1844 3322 ordinantes

217 3367 496 3431 confirmaverunt.
526 3369 565 3430 nt
594 3385 671 3428 vcro
699 3365 798 3428 isdem
828 3371 993 3448 protervus
1021 3366 1305 3446 Langobardorum
1335 3384 1401 3442 rex,
1431 3365 1555 3447 antiqui
1588 3363 1687 3428 hostis
1714 3366 1843 3428 invasus

151 3475 194 3536 {0
216 3475 364 3548 versutia,
392 3475 462 3556 ipsa
489 3475 610 3538 musra
638 3474 723 3554 pacis
752 3481 823 3553 post
848 3493 929 3554 pene
957 3479 1094 3554 quatuor
1124 3491 1255 3550 menses,
1295 3472 1328 3534 in
1365 3471 1497 3554 perjurii
1532 3472 1675 3534 incidens
1704 3477 1841 3550 reatum,

214 3581 362 3664 disrupit,
393 3582 507 3644 multas
531 3581 600 3664 jam
628 3580 695 3642 lato
723 3580 918 3644 saeclissimo
946 3581 1013 3642 viro
1051 3581 1100 3642 vel
1129 3587 1243 3643 cuncto
1273 3581 1391 3662 populo
1420 3581 1562 3642 Romano
1590 3579 1739 3658 ingerens
1765 3599 1841 3642 con-

214 3688 372 3764 tumelias,
402 3687 507 3750 varias
533 3687 580 3748 illi
608 3687 710 3749 minas
738 3687 888 3766 dirigens.
914 3687 1051 3767 Cupiens
1074 3687 1196 3769 quippe
1223 3688 1289 3750 Deo
1312 3687 1374 3748 sibi
1397 3685 1556 3749 contrario
1584 3691 1731 3750 cunctam
1760 3687 1843 3749 hanc

214 3794 411 3876 provinciam
439 3794 599 3868 invadere,
630 3811 798 3856 onerosum
827 3793 981 3855 tributum
1005 3791 1101 3873 hrrjua
1139 3795 1289 3856 Romana
1326 3793 1411 3855 urbis
1447 3791 1700 3856 inhabitantibus
1726 3790 1840 3855 addhi-

213 3901 291 3964 bere
319 3899 362 3983 (h)
390 3900 587 3963 innitebatur
613 3917 620 3960 :
652 3918 710 3981 per
738 3899 987 3980 unumquodque
1020 3899 1141 3962 scilicet
1173 3905 1270 3981 caput
1302 3897 1443 3979 singulos
1476 3899 1547 3961 auri
1583 3897 1700 3960 solidos
1735 3916 1841 3960 annue

150 4011 191 4072 lb
213 4007 330 4070 inferre
358 4007 395 4090 (ι)
421 4005 577 4070 inhiabat.
605 4007 646 4069 rot
671 4023 736 4068 suaa
761 4004 976 4085 jurisdictioni
1003 4005 1162 4069 civitatem
1193 4005 1275 4068 hanc
1304 4007 1479 4068 itomanam
1508 4003 1559 4067 uel
1586 4003 1784 4085 subjacentia
1811 4005 1841 4068 ei

214 4119 318 4178 castra
344 4114 479 4177 subdere
506 4112 710 4195 indignanter
736 4111 899 4176 atterebat.

256 4256 336 4314 m
368 4248 506 4311 Cernens
533 4266 608 4310 vero
634 4246 718 4308 idem
744 4245 960 4309 sanctissimus
987 4264 1072 4328 papa
1102 4244 1206 4309 valide
1234 4245 1358 4327 praiati
1386 4243 1470 4324 regis
1497 4242 1706 4324 perniciosam
1731 4242 1837 4307 immi·

213 4373 290 4418 nare
322 4353 488 4431 saevitiam,
526 4371 718 4436 magnopere
754 4352 795 4416 ad
832 4372 865 4416 aa
895 4353 1053 4416 accersitis
1089 4351 1320 4416 venerabilium
1354 4349 1621 4414 monasteriorum
1656 4354 1838 4413 sanatorum

213 4460 369 4524 vincentii
405 4465 437 4523 et
474 4461 635 4524 Benedicti
674 4459 828 4540 religiosis
857 4459 1035 4536 abbatibus,
1074 4477 1133 4522 sua
1167 4459 1235 4522 vice
1272 4459 1374 4522 eidem
1402 4456 1618 4521 crudelissimo
1647 4456 1732 4519 misit
1758 4457 1835 4538 regi,

213 4567 330 4634 obnixe
356 4586 413 4649 per
440 4587 496 4630 eos
524 4567 689 4648 postulans
715 4567 801 4647 pacis
828 4567 960 4642 toedera,
989 4574 1022 4629 et
1055 4566 1193 4648 quietem
1222 4571 1427 4647 utrarumque
1463 4563 1601 4646 partium
1634 4563 1745 4644 populi
1781 4563 1838 4627 Dei

169 4676 191 4736 5
213 4675 354 4738 obtinere
382 4673 644 4738 confirmandam.
672 4673 756 4745 Quos
784 4692 898 4755 nempe
925 4673 1111 4755 suscipiens,
1140 4677 1172 4736 et
1194 4673 1325 4736 omnino
1349 4669 1546 4752 contemptui
1569 4669 1703 4746 habens,
1719 4669 1838 4752 sprevit

212 4800 323 4846 eorum
352 4781 475 4844 monita
502 4780 542 4863 (J)
574 4784 606 4843 et
632 4781 672 4843 ad
709 4799 774 4842 suae
813 4781 932 4842 animas
971 4780 1196 4842 detrimentum
1223 4779 1290 4842 sina
1326 4779 1440 4843 affectu
1479 4796 1581 4844 causae
1618 4777 1768 4840 contusos
1795 4776 1837 4840 ad

211 4887 343 4970 propria
370 4887 506 4951 absoluit
535 4887 737 4961 monasteria,
769 4885 932 4948 obtestans
959 4905 1013 4950 eos
1041 4886 1170 4949 minime
1199 4887 1239 4949 ad
1267 4886 1500 4952 sanctissimum
1524 4903 1640 4968 papam
1665 4884 1834 4948 declinare.

212 4995 304 5068 Quod
331 4995 464 5058 audieus
491 4995 559 5077 ipse
585 4994 763 5076 praecipuus
790 4994 885 5056 Pater
912 4994 1071 5074 extemplo
1100 4993 1202 5076 (juxta
1230 4998 1265 5055 ut
1292 4993 1404 5058 crebro
1441 4992 1659 5074 consueverat)
1687 4991 1836 5073 omnipo·

720 5291 850 5342 Nowbss
870 5291 1061 5342 assumtae
1082 5291 1244 5342 raaaor'rr.

163 5545 204 5616 (a)
219 5543 419 5602 conservabat.
449 5545 488 5615 (b)
503 5545 594 5602 Boron
616 5544 795 5618 eleemosynis
817 5545 931 5615 scilicet,
957 5561 1040 5620 quom
1062 5545 1198 5619 corporcis
1220 5547 1378 5618 praesentio.
1407 5545 1443 5616 (c)
1460 5549 1490 5616 Β,
1516 5541 1651 5602 Plataria.
1671 5539 1709 5616 (d)
1725 5546 1758 5598 ut
1782 5559 1831 5618 pe-

124 5615 487 5760 (Ἤιιιιιίῃίῗιὲἓξιιιιιαιιοιοιιι.
515 5619 551 5689 (e)
565 5617 667 5675 Boron.
694 5633 761 5674 oon.
789 5617 852 5674 752.
883 5619 920 5690 (s)
933 5622 966 5689 B,
982 5617 1145 5694 aistulpho.
1178 5617 1214 5692 (g)
1230 5620 1259 5676 et
1273 5616 1382 5693 plures.
1412 5619 1452 5688 (h)
1466 5614 1602 5687 adjicere.
1632 5613 1665 5689 (ι’)
1679 5617 1691 5640 “
1707 5613 1831 5676 auterre.
