4052 6164
103 135 181 205 ears
442 123 821 206 ersroursnuvrt'rs
843 122 1462 204 uont.=rortr.·-anuunrcrusm.
1723 121 1803 203 autb

683 349 775 422 Clll.
807 351 1121 426 Budublc'ltl's
1145 355 1214 426 111.

498 485 579 534 auso
593 487 714 535 cuarsrr
729 477 800 548 855,
817 489 959 538 tornatur
972 493 1034 538 rur.
1052 478 1103 552 16,
1117 495 1279 541 artasatis
1293 496 1341 556 111,
1354 483 1402 542 11.

207 667 471 734 tesseradecas
495 673 610 742 tertius,
626 675 742 733 natione
765 675 924 748 Romanus,
941 695 975 735 ex
990 681 1071 752 patre
1096 679 1187 748 Petro,
1205 679 1282 736 sedit
1304 697 1397 738 annos
1422 680 1507 747 duos,
1523 695 1641 736 menses
1666 694 1727 747 sex,
1742 677 1806 734 dies

171 769 283 832 decem.
298 773 405 830 Beatus
429 773 473 829 vir
501 773 556 830 iste
580 773 781 830 dilectissimis
794 775 955 833 visceribus
978 776 1085 846 editus,
1102 777 1214 834 sidereo
1243 776 1356 850 pollens
1384 793 1458 843 rore,
1475 791 1667 847 crescensque
1682 774 1806 831 celerius

172 865 337 928 divinorum
353 869 451 927 studio
466 871 583 944 apicum
598 871 690 945 patris
711 872 746 927 ad
763 871 956 928 erudiendum
972 873 1092 930 arbitrio
1108 873 1235 933 traditur
1259 875 1324 941 Qui,
1337 873 1426 930 veluti
1442 873 1565 946 spongia
1580 871 1720 929 citissime
1736 871 1807 945 lym-

173 967 263 1042 phem
275 967 523 1041 eapit,saororum
534 969 575 1024 ita
583 967 766 1025 voluminum
778 969 881 1026 didicit
889 969 1041 1039 lectiones,
1053 969 1278 1044 rudimentaque
1288 971 1433 1046 cognovit,
1441 969 1562 1042 accepit,
1572 968 1737 1042 mentisque
1748 985 1807 1024 sue

138 1062 157 1123 5
173 1063 343 1122 fundatione
358 1063 465 1138 posuit,
477 1068 506 1120 et
519 1063 717 1122 invisibilibus
741 1064 889 1122 radicibus
912 1068 1091 1139 propagavit.
1104 1067 1297 1124 celeberrima
1311 1068 1431 1141 quidem
1447 1085 1515 1125 curn
1530 1067 1566 1123 de
1589 1083 1623 1124 eo
1646 1067 1725 1122 lama
1739 1081 1809 1139 per-

173 1163 351 1236 vulgaretur,
367 1160 398 1218 in
413 1159 608 1218 Lateranense
630 1161 841 1235 patriarchium
856 1163 1037 1235 perducitur,
1054 1163 1188 1237 cleroque
1214 1165 1336 1222 locatur.
1352 1166 1422 1222 Erat
1446 1171 1545 1224 autem
1570 1164 1687 1237 sapiens
1710 1163 1808 1230 verbo,

175 1261 309 1319 doctrina
332 1257 500 1333 preclarus,
514 1257 629 1315 sobrius
652 1257 879 1328 conversatione,
891 1259 1007 1334 loquela
1031 1260 1181 1334 pacificus,
1193 1262 1306 1318 cunctis
1321 1262 1512 1336 compatiens,
1528 1260 1725 1334 omnibusque
1739 1259 1810 1317 obe·

177 1358 271 1426 diens,
281 1355 405 1428 denique
420 1355 659 1428 benignissimus.
672 1355 744 1411 Cum
760 1373 827 1414 eum
842 1355 1006 1413 intueretur
1019 1374 1095 1429 papa
1106 1358 1260 1431 Gregorius
1271 1358 1417 1416 almitlcus
1432 1359 1559 1433 peritum
1571 1357 1711 1416 doctrinis
1722 1360 1811 1430 atque

178 1455 468 1528 proficuum,s'aucta
477 1451 560 1508 illum
570 1453 721 1510 constituit
732 1454 868 1509 Romana
878 1453 1012 1509 Ecclesia
1023 1451 1235 1510 subdiaconum
1245 1472 1252 1524 ;
1268 1453 1298 1511 in
1314 1471 1372 1527 quo
1383 1457 1485 1512 ordine
1495 1455 1580 1528 plura
1590 1470 1678 1511 sacra
1689 1469 1811 1510 couver-

127 1555 160 1611 10
178 1551 301 1610 satiabis
311 1549 472 1608 certamina
483 1550 595 1618 babuit,
608 1559 676 1607 nam
691 1566 808 1607 carnem
819 1549 887 1606 vicit
897 1567 931 1606 ao
946 1550 1049 1606 mundi
1065 1551 1239 1624 principem,
1251 1555 1281 1607 et
1295 1551 1393 1608 omnia
1403 1553 1467 1625 ejus
1478 1555 1651 1627 argumenta
1663 1549 1810 1623 nequissi-

174 1666 233 1707 ma.
243 1650 322 1708 Obiit
335 1649 439 1706 deinde
454 1649 612 1723 Gregorius
628 1647 745 1721 presul,
758 1647 952 1722 migravitque
967 1648 1004 1704 ad
1020 1647 1189 1705 Dominum.
1199 1649 1318 1724 Sergius
1339 1653 1438 1706 autern
1454 1649 1652 1722 gubemecula
1673 1649 1811 1706 Romanae

175 1745 306 1820 suscepit
320 1747 443 1804 antistes
454 1741 598 1812 lindesie,
611 1761 703 1818 eoque
719 1743 854 1802 cannoto
878 1744 1069 1818 apostolicam
1085 1745 1142 1803 Leo
1158 1763 1233 1819 papa
1248 1747 1347 1803 sedeur
1371 1747 1509 1819 suscepit.
1522 1745 1645 1820 Oppido,
1659 1745 1710 1819 qui
1726 1745 1810 1802 illum

176 1847 228 1920 pio
239 1842 421 1902 ‘felicissimis
437 1843 551 1900 actibus
565 1842 690 1916 diligens
706 1859 832 1915 superno
848 1848 1043 1915 compunctus
1058 1846 1132 1899 nutu
1148 1841 1257 1899 coelesti
1278 1859 1345 1900 cum
1362 1843 1447 1901 titulo
1472 1844 1582 1918 ingenti
1606 1845 1812 1917 presbyterum

178 1941 357 2000 'consecravit
371 1940 490 1998 bonore.
500 1927 590 2013 Cujus
605 1939 756 1996 beatitudo
770 1939 801 1995 in
816 1943 932 1996 tantum
948 1938 1034 2014 lenge
1056 1940 1170 2012 lateque
1193 1941 1308 1998 relulsit
1330 1946 1419 2014 atque
1443 1942 1610 2015 praelloruit‚
1625 1944 1659 1997 ut
1674 1941 1811 1996 omnibus

35 2041 40 2054 '
131 2041 163 2096 lb
182 2039 371 2096 beatissimus
386 2038 473 2095 dictis
485 2041 607 2110 etopere
618 2036 935 2093 diceretur.ilvidentsr
950 2042 1048 2094 autern
1065 2037 1093 2092 in
1110 2055 1143 2094 eo
1159 2037 1259 2094 divina
1274 2055 1445 2111 permanere
1459 2037 1604 2112 sapientia
1619 2038 1813 2112 cognosceba-

181 2140 239 2205 tur,
251 2135 320 2210 quia
334 2134 478 2208 largilluis
492 2134 633 2207 purisque
648 2134 712 2206 ejus
728 2149 830 2190 omnes
844 2133 958 2191 fovebat
973 2135 1137 2203 clientibus,
1153 2139 1182 2191 et
1202 2134 1267 2192 lucc
1283 2134 1391 2192 clarius
1406 2137 1589 2209 perornabat,
1602 2135 1763 2208 caduclque
1779 2151 1813 2191 ac

181 2232 335 2291 transituri
348 2232 451 2289 mundi
467 2233 650 2290 delectabilia
664 2234 829 2306 respuebat,
842 2239 871 2289 ct
884 2233 1027 2306 quidquid
1044 2235 1182 2291 utebatur
1195 2235 1295 2308 egenis
1309 2239 1397 2307 atque
1412 2235 1589 2308 pauperibus
1604 2235 1752 2306 erogabat.
1764 2233 1815 2290 Jo-

178 2331 273 2404 luniis
287 2341 354 2386 vero
364 2325 488 2398 validus,
500 2329 630 2387 orations
645 2329 783 2387 assiduus
793 2329 969 2402 persistebat
984 2331 1162 2403 pervigilque
1177 2331 1207 2387 iu
1219 2331 1268 2387 Dei
1281 2332 1410 2404 quotidie
1419 2333 1557 2390 laudibus
1567 2333 1814 2389 commorabatur.

219 2428 293 2487 1Ιῖ
313 2433 367 2484 beo
381 2427 501 2500 quidem
516 2427 567 2483 ubi
582 2427 637 2484 hau
652 2426 716 2484 luce
731 2429 899 2484 subtractus
914 2427 1019 2501 praesul
1035 2427 1181 2496 occubuit,
1193 2444 1259 2484 mox
1274 2429 1371 2486 omnis
1386 2429 1481 2486 clerus
1495 2427 1584 2485 istius
1600 2429 1737 2485 Romanas
1748 2445 1815 2501 pro·
1902 2469 1904 2472 -

185 2529 267 2582 tecta
280 2523 566 2598 sedis,univcrsique
580 2541 724 2597 proceres,
737 2529 918 2597 cunctusque
934 2531 1054 2581 senatus
1077 2540 1110 2580 ac
1134 2523 1261 2597 populus
1283 2526 1451 2600 congregati
1468 2527 1539 2582 sunt
1561 2525 1677 2580 Domini
1693 2525 1817 2581 clemen-

183 2623 255 2680 tiam
270 2627 432 2690 exorantes,
445 2627 478 2678 ut
488 2621 654 2678 beatillcum
665 2621 724 2678 illis
735 2621 872 2678 omnibus
883 2621 1083 2678 demonstrare
1094 2621 1265 2693 dignaretur
1277 2625 1435 2694 pastorem,
1445 2621 1495 2695 qui
1506 2620 1624 2678 culmen
1635 2619 1817 2693 apostolatus

188 2731 289 2794 regere
302 2718 443 2776 valuisset
457 2717 625 2789 tranquille.
636 2717 888 2791 Divinitusigitur
901 2717 1025 2774 aetbereo
1039 2723 1110 2773 tunc
1131 2717 1243 2774 lumine
1264 2717 1450 2786 inflammati,
1466 2735 1525 2774 une
1538 2733 1684 2774 consensu
1701 2732 1817 2790 unoque

142 2820 167 2874 ,5
185 2819 252 2875 eam
268 2815 422 2874 conamine
437 2814 625 2871 benedictum
645 2829 697 2887 pro
711 2813 801 2871 tantis
824 2815 933 2887 quibus
957 2812 1084 2886 pollebat
1098 2813 1190 2870 saeris
1205 2813 1343 2887 operibus
1364 2815 1532 2888 pontificem
1556 2814 1817 2890 pmmulgaverunt

185 2915 301 2989 eligere.
314 2913 470 2970 lllieovere
483 2911 570 2968 alacri
585 2911 721 2968 universa
735 2910 834 2968 studio
858 2911 941 2983 plebs
955 2913 985 2966 et
999 2909 1098 2983 populi
1114 2915 1206 2967 cretus
1225 2911 1333 2968 coelesti
1350 2911 1435 2970 titulo
1450 2915 1648 2987 properantes,
1659 2911 1717 2969 Deo
1733 2911 1818 2967 illum

186 3011 378 3085 omnipotenti
394 3013 427 3066 ut
438 3008 543 3066 solitus
560 3009 654 3065 luerat
668 3008 842 3065 invenerunt
857 3008 1028 3064 tundentem
1043 3009 1214 3064 orationem.
1226 3009 1356 3082 Surgens
1371 3013 1467 3067 autem
1482 3015 1511 3068 et
1525 3009 1624 3085 populi
1641 3006 1817 3067 densissima

187 3127 311 3168 cerneus
325 3107 444 3183 'agmina
457 3122 519 3164 rem
534 3106 678 3180 cognovit,
689 3109 718 3162 et
732 3109 829 3161 moute
844 3104 986 3178 concepit.
1003 3103 1115 3161 luteres
1130 3105 1231 3161 multis
1247 3121 1315 3162 cum
1336 3104 1475 3180 lacrymis
1489 3123 1584 3182 genua
1598 3107 1718 3164 [lacteus
1729 3105 1819 3164 tlebili

185 3219 257 3266 ‘voce
271 3223 374 3265 omnes
388 3204 611 3280 deprecabatur,
622 3203 721 3261 taliter
735 3201 836 3260 dicens
848 3219 855 3257 ι
867 3202 930 3259 Νοι
946 3218 992 3258 me
1007 3218 1024 3257 a
1039 3217 1104 3258 mea
1113 3201 1264 3258 deducatis
1279 3201 1401 3260 ecclesia
1416 3222 1495 3280 rogo,
1508 3205 1578 3279 quis
1592 3204 1666 3262 tanti
1683 3198 1819 3262 culminia

136 3293 170 3364 111
188 3313 246 3364 uon
263 3303 376 3362 sulsscm
393 3304 538 3361 sustinere
552 3317 605 3359 nco
620 3299 751 3373 bajulare
766 3308 932 3374 gravamen.

221 3401 300 3460 ’Μῦ
313 3387 358 3458 1111
368 3414 434 3459 vero
445 3399 612 3456 nullatenus
622 3397 838 3470 acquieverunt,
848 3395 899 3452 sed
910 3395 1069 3452 virtutibus
1078 3412 1145 3452 eum
1156 3411 1190 3453 ex
1199 3395 1300 3453 eodem
1311 3397 1395 3455 titulo
1406 3399 1610 3456 abstrahentes
1621 3415 1689 3456 cum
1699 3395 1818 3474 hymnis

185 3507 216 3559 et
230 3500 354 3558 canticis
380 3495 575 3572 spiritalibus,
592 3493 691 3569 ampla
717 3492 909 3550 exsultatione
924 3495 954 3550 et
968 3491 1109 3549 ineffabili
1137 3493 1245 3566 gaudio
1259 3493 1291 3551 iu
1307 3494 1517 3569 patriarchium
1544 3496 1739 3554 lateranense
1753 3513 1820 3568 par-

187 3599 338 3670 ducentes,
354 3595 515 3672 pontificali
530 3593 614 3662 solio,
630 3597 663 3648 ut
678 3595 802 3648 mosset
831 3590 1015 3663 pontificum,
1038 3607 1170 3664 canaque
1189 3593 1370 3649 cousuetudo
1385 3594 1574 3663 demonstrat,
1592 3593 1755 3669 posuerunt
1770 3593 1818 3666 (a).

187 3698 316 3755 Latatar
330 3703 482 3771 propterea
496 3691 581 3758 Urbs,
598 3688 725 3747 exsultat
746 3685 885 3756 Ecclesia,
900 3688 1086 3760 congaudent
1107 3703 1201 3758 senes,
1216 3694 1393 3762 ovantesque
1420 3691 1533 3748 divinas
1559 3691 1750 3748 modulantur
1763 3689 1820 3746 vir·

146 3797 169 3852 ὅ
187 3794 270 3870 mnas
281 3793 397 3860 laudes,
413 3792 545 3849 ditantur
565 3801 717 3862 pauperes,
733 3783 950 3857 locupletantur
972 3784 1085 3856 inopes,
1102 3784 1290 3842 consolantur
1304 3786 1419 3859 captivi,
1432 3791 1615 3862 consurgunt
1638 3787 1759 3855 debiles,
1775 3786 1820 3842 in-

187 3892 266 3950 tirmi
281 3893 424 3948 sanantur
437 3886 581 3960 celerique
596 3885 669 3958 pede
684 3881 953 3953 concurrunt,quia
967 3885 1085 3937 extensa
1102 3880 1134 3936 in
1152 3881 1194 3938 eis
1209 3881 1328 3938 tristitia
1342 3883 1447 3950 luerat,
1461 3884 1734 3957 contemplabantur
1748 3899 1819 3940 cou-

186 3991 263 4061 susa,
275 3993 303 4045 st
317 3984 517 4059 tranquillitas
537 3981 671 4055 florigera
697 3978 851 4035 videbatur
865 3979 970 4035 erecta.
988 3976 1037 4036 liis
1051 3977 1150 4051 itaque
1169 3977 1306 4050 peractis,
1318 3978 1413 4035 clerus
1440 3983 1470 4037 et
1495 3983 1593 4038 cuncti
1621 3992 1754 4053 proceres
1771 3979 1820 4035 de·

184 4093 299 4147 trabam
313 4087 520 4161 componentes
546 4081 676 4157 preptiit
700 4077 839 4136 manibus
867 4077 1089 4147 roboraverunt,
1104 4078 1134 4134 et
1148 4069 1328 4136 consuetudo
1343 4079 1440 4152 prisca
1454 4085 1486 4137 ut
1501 4081 1595 4155 poscit
1620 4077 1821 4137 invictissimis

188 4177 325 4244 bethario
340 4201 373 4241 ao
389 4180 532 4241 liudovico
547 4180 768 4237 destinaverunt
782 4176 934 4250 Augustis.
946 4181 1047 4250 Ipsum
1064 4179 1160 4232 autem
1176 4176 1226 4248 qui
1240 4177 1424 4234 deducebant
1436 4177 1525 4252 legati
1535 4180 1685 4236 decretum
1701 4178 1821 4234 luerunt

128 4285 170 4342 to
187 4284 218 4340 bi
235 4291 242 4340 t
259 4281 396 4339 Niooiavs
410 4279 544 4338 videlieet
557 4275 716 4350 Anagniae
732 4275 855 4331 antistes
876 4272 1020 4343 Ecclesia,
1032 4277 1061 4330 et
1075 4271 1237 4330 Mercurius
1261 4273 1401 4347 magister
1424 4273 1563 4331 militum.
1575 4273 1697 4330 Arsenio
1721 4271 1819 4346 liugu-

187 4382 257 4439 bino
271 4381 409 4455 episccpo
424 4376 574 4435 obviantes
590 4372 751 4431 adinvicem
766 4371 947 4430 ooniabulari
962 4375 1133 4444 eruperunt:
1151 4370 1201 4444 qui
1216 4369 1331 4428 callidis
1347 4385 1396 4428 eos
1412 4371 1597 4428 sermonibus
1612 4370 1719 4426 liniens
1733 4367 1821 4427 corda

189 4491 291 4537 corum
306 4472 420 4534 mollire
435 4475 531 4550 coepit,
547 4471 684 4545 beatique
710 4470 879 4526 fidelitatem
901 4469 964 4541 jam
981 4469 1031 4524 lati
1053 4463 1271 4525 declinaverunt
1285 4466 1379 4538 electi,
1396 4483 1463 4526 cum
1478 4469 1586 4542 quibus
1609 4467 1698 4527 stiam
1721 4467 1821 4524 conal-

188 4576 263 4634 lium
287 4574 402 4633 studuit
416 4575 599 4639 confirmare,
616 4572 651 4625 ut
674 4566 841 4641 depositum
866 4565 1204 4638 anathematizatumque
1229 4564 1515 4639 Anastaslum,quod
1531 4566 1629 4622 divina
1650 4563 1821 4622 nullatenus

187 4673 375 4747 permittebat
389 4669 553 4738 cementis,
570 4665 757 4742 pontilloatus
771 4663 863 4720 insula
877 4667 1077 4737 perornarent.
1093 4663 1203 4719 liuutes
1219 4662 1317 4735 itaqua
1339 4661 1483 4718 Lndovice
1498 4661 1646 4718 decretum
1670 4659 1821 4735 benignis-

132 4772 172 4828 te
190 4772 264 4828 simo
280 4769 386 4828 cesari
401 4770 514 4837 dantes,
531 4763 641 4839 duplici
656 4779 745 4837 quam
760 4761 909 4818 mentibus
925 4762 1065 4834 gerebant
1080 4759 1240 4816 intentione
1256 4759 1377 4816 Romam
1392 4759 1498 4817 reversi
1514 4761 1593 4828 sunt,
1605 4760 1821 4831 adventumque

189 4869 349 4926 missorum
364 4865 534 4923 nuntiantes
547 4861 733 4935 imperalium
748 4858 887 4934 epistolas
902 4858 997 4916 eidem
1012 4855 1121 4930 insigni
1137 4855 1305 4913 obtulerunt
1319 4855 1420 4926 electo,
1433 4857 1540 4930 quibus
1554 4857 1679 4930 Augusti
1694 4855 1822 4914 contine·

188 4967 298 5024 bantur
312 4969 462 5040 responsa.
478 4961 532 5030 Qui
547 4959 627 5017 omni
641 4958 718 5015 clere
734 4972 768 5014 sc
782 4956 907 5030 reipubl.
919 4955 1042 5012 cestibus
1053 4953 1125 5010 diris
1136 4950 1413 5022 machinationibus,
1424 4953 1589 5024 consillum,
1602 4954 1680 5027 quod
1695 4952 1820 5028 liugubii

188 5067 222 5120 ut
242 5061 427 5137 praetulimus
446 5075 514 5118 curn
541 5056 662 5114 Arsenio
688 5057 865 5123 statuerunt,
890 5051 1049 5126 adimplere
1078 5049 1227 5124 cupientes
1256 5044 1391 5105 dicebant
1407 5067 1413 5106 :
1431 5051 1538 5109 Omnes
1565 5051 1735 5109 inobviam
1764 5051 1820 5106 im-

186 5158 347 5234 perialibus
362 5159 451 5218 simul
465 5157 619 5216 nobiscum
640 5152 718 5209 exire
734 5151 851 5208 studete
869 5149 984 5224 legatis,
1001 5153 1147 5222 quatenus
1161 5144 1284 5220 Augusti
1297 5145 1483 5218 jussionibus
1508 5149 1676 5207 obedientes
1697 5148 1820 5205 existere

128 5261 170 5315 20
187 5257 320 5316 veleatis.
1329 5321 1330 5324 Ἴ
1371 5325 1373 5334 .

224 5355 300 5414 m
315 5359 385 5414 Post
404 5355 516 5428 aliquot
539 5365 655 5426 quoque
678 5347 740 5405 dies
768 5345 826 5419 ipsi
850 5362 924 5419 quos
952 5342 1221 5417 praenuntiaverunt
1247 5337 1332 5397 missi
1359 5339 1565 5417 Hortamqua
1594 5332 1820 5415 quadragesime

194 5453 333 5512 milliario
348 5450 473 5511 alterna
487 5450 587 5522 distat,
598 5447 835 5522 properaverunt.
851 5445 892 5500 lix
906 5441 1015 5516 quibus
1030 5439 1060 5496 in
1075 5450 1140 5497 sam
1155 5437 1340 5511 Adslbertus,
1355 5439 1578 5513 bernardusque
1592 5435 1717 5510 ingressi
1732 5435 1821 5494 comi·
1894 5487 1898 5494 .

188 5549 367 5614 teroaldum
392 5549 460 5608 olim
484 5549 633 5614 damnato,
655 5543 775 5601 Arseuio
803 5545 925 5615 cogente
952 5538 1142 5612 episcopase
1161 5537 1376 5608 ‘coniunxerunt
1403 5535 1569 5609 presbytero
1597 5534 1716 5592 nomine
1743 5529 1819 5592 Ana·

189 5649 292 5721 stasio,
309 5650 359 5724 qui
374 5649 404 5705 in
419 5650 521 5705 sancta
536 5645 647 5720 synodo
674 5642 765 5699 beate
793 5638 958 5713 presidente
973 5637 1068 5694 Leone
1082 5634 1229 5692 memoria
1244 5633 1367 5707 presule
1394 5633 1449 5691 rite
1477 5635 1639 5692 secuudum
1667 5649 1818 5692 sacrorum

711 5749 837 5802 scruta
858 5745 1050 5799 asserentes
1070 5735 1231 5796 raaaorrt.

149 5845 366 5921 (albicerium
380 5845 466 5920 liquet
480 5838 610 5898 11111111
621 5851 678 5896 oea
690 5838 823 5895 loannem
838 5835 903 5893 Vlll
911 5835 1060 5909 laninam,
1074 5831 1121 5892 red
1133 5828 1311 5891 benedictam
1322 5829 1489 5890 11111111111.
