3998 6158
102 229 165 294 sm
515 229 700 293 nrsroma
720 229 773 292 nn
794 228 897 293 vrrrs
920 229 1014 292 noar.
1038 227 1153 292 nour.
1171 263 1208 274 -
1224 230 1401 296 suenrus.
1748 217 1817 299 aas

127 366 166 428 {5
188 368 316 428 centum
337 362 449 446 rigati.
473 364 528 426 llio
550 363 623 426 lcoit
645 363 677 426 in
705 363 836 427 basilica
865 365 1079 446 suprascripta
1110 365 1194 426 lares
1225 370 1391 445 argenteos
1420 385 1486 442 sex,
1510 385 1600 448 pens.
1631 367 1713 450 sing.
1735 369 1808 431 libr.

186 471 329 552 triginta,
352 470 406 552 qui
428 476 501 532 sunt
524 489 618 551 super
640 471 744 534 trahes
766 472 805 534 ad
827 472 1003 551 ingressum
1027 471 1240 534 confessionis.

228 585 310 640 m
333 575 391 640 llio
420 576 495 639 iecit
524 577 556 638 iu
590 577 722 640 circuitu
754 578 863 640 altaris
892 578 1031 640 basilica
1066 578 1286 658 suprascripta
1320 579 1465 641 tetravila
1484 579 1526 660 (a)
1548 587 1630 656 octo,
1674 587 1813 663 quatuor

187 703 227 747 ex
248 683 330 746 albis
351 682 404 764 (d),
428 688 460 746 et
481 688 619 765 quatuor
649 704 686 748 ex
723 685 850 748 coccino
873 684 922 766 (r).
946 685 1001 747 llic
1037 691 1154 748 tectum
1191 690 1222 748 ct
1257 685 1412 759 cubicula,
1455 704 1527 766 qnae
1568 687 1812 770 circumquaque
1842 697 1847 714 ’

187 790 330 872 ejusdem
371 788 509 853 basilicae
550 796 636 866 sunt,
678 811 749 873 quae
792 810 849 874 per
889 790 987 872 longa
1028 797 1171 874 tempora
1211 791 1377 855 stillicidiis
1417 797 1448 854 et
1484 792 1648 854 ruderibus
1689 795 1814 861 suerent

187 897 333 980 disrupta
352 895 407 980 (d),
429 897 600 962 studiosius
640 897 804 961 innovavit
844 917 881 961 ae
922 899 1093 981 reparavit.
1137 900 1193 960 hic
1236 899 1404 972 musivum,
1442 899 1527 979 quod
1569 917 1608 960 ex
1650 907 1740 980 parte
1780 901 1812 962 in

147 1005 294 1067 bironte
343 1002 416 1066 atrii
466 1003 608 1084 ejusdem
658 1004 795 1066 basilice
845 1004 950 1067 fuerat
1000 1005 1151 1079 dirutum,
1207 1005 1379 1067 innovavit.
1424 1004 1575 1068 Similiter
1616 1011 1647 1068 et
1687 1006 1816 1087 specula

188 1111 331 1193 ejusdem
372 1111 524 1186 ecclesie,
565 1131 637 1192 qua
678 1130 773 1194 super
812 1113 918 1176 sedern
961 1118 1045 1185 sunt,
1068 1112 1118 1174 rel
1159 1111 1262 1191 regios
1303 1130 1394 1174 arcus
1437 1111 1574 1192 majores
1616 1117 1702 1187 sunt,
1725 1131 1816 1176 reno·

190 1219 285 1282 rasit.
311 1218 385 1282 ¹llic
425 1237 539 1300 corpus
574 1219 661 1282 beati
708 1218 821 1282 ianuis
871 1218 1085 1301 probatissimi
1135 1219 1238 1281 Patris
1290 1225 1384 1300 atque
1435 1219 1604 1300 pontilicis,
1656 1220 1743 1301 quod
1783 1219 1816 1282 in

186 1325 296 1390 abdito
340 1325 497 1388 insederis
526 1325 565 1407 (c)
595 1326 756 1392 secretarii
797 1327 957 1407 prredictae
999 1325 1137 1388 basilica
1180 1325 1319 1406 positum
1361 1327 1475 1401 luerat,
1519 1328 1604 1389 lacta
1633 1327 1818 1408 diligentius

188 1432 301 1494 tumba
321 1432 352 1494 in
374 1433 579 1494 denominata
600 1432 729 1496 basilica
750 1433 877 1514 publico
900 1433 980 1507 loco,
1006 1439 1040 1494 ut
1061 1433 1119 1494 sibi
1143 1433 1247 1495 iuerat
1270 1433 1453 1506 revelatum,
1478 1434 1628 1515 reposuit,
1652 1453 1689 1498 ac
1710 1435 1815 1498 locum

126 1545 168 1606 lo
189 1542 294 1623 ipsum
315 1539 531 1618 ornavit.‚llio
551 1539 626 1602 iecit
645 1546 796 1620 patenam
818 1559 944 1602 auream
968 1539 1121 1619 majorem
1143 1539 1313 1602 habentem
1336 1558 1478 1619 gemmas
1500 1557 1538 1601 ex
1559 1541 1638 1602 albis
1660 1539 1708 1622 (s),
1732 1547 1764 1603 et
1785 1541 1818 1604 in

190 1647 305 1722 medio,
328 1665 367 1709 ex
389 1645 538 1728 hyacinto
559 1650 592 1709 ct
612 1647 790 1728 smaragdo,
815 1665 940 1709 crucem
963 1652 1148 1728 pensantem
1180 1646 1278 1708 libras
1310 1647 1434 1726 viginti.
1457 1647 1515 1709 llic
1537 1653 1655 1710 tectum
1676 1653 1708 1712 et
1729 1647 1818 1710 cubi-

189 1755 262 1818 cula
283 1752 430 1816 universa
450 1751 483 1814 in
505 1751 637 1816 circuitu
658 1753 797 1816 basilicae
818 1753 902 1815 beati
924 1753 1014 1815 Pauli
1035 1753 1182 1834 apostoli,
1207 1773 1278 1833 quae
1303 1753 1399 1830 longa
1420 1771 1477 1834 per
1498 1759 1642 1835 tempora
1662 1761 1819 1818 vetustate

192 1861 337 1924 coniecta
357 1859 494 1934 inerant,
525 1859 694 1922 studiosius
723 1860 887 1922 innovarit
919 1878 955 1924 ac
977 1861 1147 1942 reparavit.
1171 1860 1321 1922 Similiter
1342 1865 1373 1922 ct
1394 1860 1499 1922 trabes
1519 1861 1593 1922 lecit
1614 1860 1653 1922 de
1674 1861 1819 1923 Calabria

191 1967 318 2042 adduci,
342 1973 374 2028 st
394 1985 465 2048 qua
486 1966 519 2027 in
541 1965 652 2028 eadem
676 1965 805 2029 basilica
827 1967 1053 2028 vetustissimas
1073 1966 1205 2039 invenit,
1228 1966 1403 2028 renovavit.
1424 1967 1481 2028 llic
1501 1966 1673 2046 imaginem
1696 1974 1820 2048 aposto·

126 2079 165 2136 te
191 2075 294 2138 lorum
317 2073 572 2146 vetustissimam,
595 2091 666 2151 quac
688 2079 757 2134 erat
777 2091 872 2154 super
893 2073 976 2135 iores
1008 2072 1149 2152 ejusdem
1182 2071 1331 2142 basilicae,
1355 2073 1499 2134 mutavit.
1523 2073 1582 2134 Hie
1612 2073 1685 2136 lecit
1707 2074 1818 2136 ambo·

191 2201 263 2246 nem
285 2186 318 2243 et
338 2159 504 2262 cyborium
525 2179 571 2260 (y)
591 2181 623 2241 in
638 2179 776 2250 ‚basilice
796 2184 978 2240 sanctorum
1000 2181 1121 2240 Cosmae
1139 2185 1171 2240 et
1192 2177 1349 2253 Damiani,
1374 2177 1428 2239 ubi
1450 2185 1482 2239 et
1504 2177 1603 2240 multa
1624 2179 1709 2242 dona
1730 2181 1822 2244 obtu-

180 2288 239 2350 lit.
260 2287 406 2351 'lrullnm
427 2303 502 2348 vero
524 2285 667 2366 ejusdem
688 2285 828 2347 ecclesiae
850 2285 927 2346 lusis
948 2284 1067 2347 chartis
1089 2283 1246 2366 plumbeis
1273 2283 1437 2365 cooperuit
1467 2289 1562 2366 atquo
1598 2287 1741 2350 muniuit.
1764 2289 1821 2352 Hic

189 2395 355 2477 cyborium
376 2393 514 2456 basilicoe
535 2398 654 2454 sancta
675 2392 841 2466 Susanna,
864 2391 951 2473 quod
981 2397 1056 2454 ente
1093 2391 1234 2470 ligneum
1269 2392 1383 2463 luerat,
1413 2409 1450 2452 ex
1474 2410 1632 2455 marmore
1653 2393 1749 2468 lecit3
1773 2396 1820 2458 di·

194 2519 287 2564 versa
315 2517 442 2583 quoque
473 2497 601 2580 cymilia
630 2515 728 2560 aurea
752 2502 784 2576 et
804 2504 967 2578 argentea,
990 2497 1042 2560 vel
1071 2497 1247 2558 immobilia
1277 2497 1346 2558 loca
1378 2496 1453 2559 illuc
1476 2496 1517 2580 (lt)
1540 2495 1741 2566 condonavit.
1764 2501 1822 2567 llio

132 2612 175 2674 20
196 2607 359 2670 basilicam
381 2612 499 2668 sancta
520 2604 715 2686 Euphemise,
738 2624 809 2685 quae
832 2624 888 2685 per
909 2605 1009 2666 multe
1030 2609 1175 2684 tempora
1196 2605 1298 2664 luerat
1330 2603 1462 2678 debota,
1487 2609 1650 2687 cooperuit
1670 2627 1707 2670 uc
1729 2627 1820 2672 reno·

194 2715 293 2778 verit.
316 2715 372 2776 llic
393 2712 555 2776 basilicam
577 2718 695 2774 sancta
716 2717 828 2774 Aureae
849 2710 883 2772 in
906 2711 999 2773 Ostiis
1021 2709 1066 2792 (ι),
1085 2727 1155 2792 qua
1177 2710 1321 2772 similiter
1342 2711 1446 2774 luerat
1467 2711 1591 2775 detecta
1611 2715 1659 2778 vel
1681 2714 1820 2798 dirupta,

197 2819 375 2902 cooperuit,
398 2837 519 2900 suoque
540 2817 644 2882 studio
665 2817 841 2881 renovavit.
865 2817 921 2880 llic
943 2817 1116 2880 oratorium
1138 2815 1241 2878 saneti
1262 2817 1397 2880 Andreae
1418 2819 1564 2899 apostoli,
1587 2821 1672 2901 quod
1694 2823 1823 2903 ponitur

196 2926 354 2991 Lauicano
375 2926 417 3010 (y)
438 2945 457 2988 a
477 2926 545 2990 solo
566 2925 686 2988 reiecit.

240 3041 321 3096 m
343 3034 400 3096 llic
420 3033 530 3097 statuit
552 3040 587 3095 ut
611 3038 754 3113 tempore
788 3031 1014 3096 contractionis
1048 3031 1201 3092 Dominici
1238 3031 1381 3111 corporis
1414 3031 1520 3112 Aanrs
1555 3032 1622 3113 Dei,
1659 3036 1716 3117 qui
1742 3035 1825 3116 tolli,
1933 3013 1936 3020 ¹

193 3149 317 3225 perroto
336 3138 451 3215 mundi,
475 3140 614 3202 mr'serere
633 3137 728 3214 nobb,
753 3157 772 3200 s
793 3138 877 3201 clero
899 3145 930 3200 ct
951 3139 1069 3220 populo
1091 3137 1288 3200 decantetur.
1312 3138 1480 3201 Constituit
1510 3145 1615 3202 sutem
1647 3149 1681 3205 ut
1712 3143 1833 3214 diebus,

196 3246 459 3311 denuntiationis
479 3246 616 3320 llomini,
640 3245 828 3320 Natiuitatis,
851 3251 883 3308 et
903 3246 1107 3308 Dormitionis
1128 3251 1245 3306 sanctae
1268 3245 1325 3307 ilci
1355 3245 1517 3307 Genitricis
1547 3265 1733 3331 semperque
1753 3252 1825 3314 vir-

198 3353 282 3436 ginis
302 3353 421 3427 Maria,
443 3371 481 3415 ac
515 3353 616 3416 sancti
649 3351 817 3426 Simeonis,
839 3352 925 3433 quod
960 3354 1181 3433 llypapantem
1219 3352 1317 3415 Graeci
1353 3351 1527 3432 appellant,
1550 3354 1661 3418 litania
1695 3365 1826 3421 ereata

156 3464 311 3524 bsancto
331 3460 482 3534 Adriano,
506 3466 537 3523 et
558 3460 600 3522 ad
620 3466 761 3522 sancum
784 3460 915 3522 Mariam
937 3460 1074 3541 populus
1094 3464 1253 3521 occurrat.
1277 3457 1318 3540 (lc)
1340 3461 1396 3521 Hie
1426 3459 1500 3523 iecit
1519 3461 1552 3522 iu
1574 3461 1704 3525 basilica
1725 3465 1826 3527 sancti

199 3567 361 3630 Laurentii
382 3565 539 3648 martyris,
563 3583 635 3648 quea
656 3566 836 3647 appellatur
856 3565 967 3628 titulus
989 3565 1127 3642 Lucinae,
1150 3585 1242 3628 arcus
1264 3571 1430 3646 argenteos
1452 3572 1599 3648 quatuor.
1624 3567 1723 3650 liujus
1744 3575 1826 3642 tem-

200 3674 334 3756 poribus
354 3673 586 3754 Aquilegiensis
615 3672 762 3736 Ecclesiae
797 3671 1063 3754 archiepiscopus,
1087 3679 1119 3735 et
1139 3674 1280 3754 synodus
1310 3692 1382 3753 quae
1412 3675 1470 3735 sub
1493 3692 1530 3736 eo
1551 3685 1746 3758 congregata
1766 3682 1825 3753 est,

200 3781 256 3863 qui
278 3785 422 3843 sanctum
444 3780 590 3862 quintum
613 3779 790 3842 universale
812 3779 980 3841 concilium
1015 3784 1125 3860 utpote
1160 3786 1304 3842 errantes
1338 3779 1497 3860 suscipere
1519 3779 1717 3858 dillidcbant,
1741 3785 1827 3865 ejus-

200 3888 274 3950 dem
295 3885 470 3950 beatissimi
490 3905 582 3968 papa
604 3886 732 3948 monitis
752 3892 847 3966 atque
877 3885 1028 3948 doctrinis
1058 3886 1214 3960 instructi,
1237 3885 1380 3949 conversi
1407 3893 1491 3963 aunt,
1515 3887 1674 3970 iidemque
1695 3909 1827 3953 venere·

139 4001 181 4061 t0
200 3995 265 4058 bile
287 3994 456 4057 concilium
479 4011 550 4056 cum
572 3993 786 4056 satisfactione
808 3990 843 4075 (l)
864 3999 1081 4074 susceperunt.
1107 3995 1144 4054 lit
1173 3993 1227 4074 qui
1248 3992 1335 4074 prius
1356 3992 1415 4053 sub
1439 3993 1554 4056 erroris
1576 3994 1652 4058 uitio
1675 3998 1827 4060 teneban-

201 4110 267 4180 tur,
289 4101 435 4164 doetrina
455 4101 637 4183 apostoliea
668 4101 750 4164 sedis
783 4099 964 4174 illuminati,
989 4118 1060 4161 oum
1096 4117 1173 4180 pace
1207 4106 1416 4161 consonantes
1452 4101 1587 4176 veritati,
1625 4101 1664 4163 nd
1700 4104 1829 4184 propria

202 4209 337 4273 relaxati
358 4213 432 4272 sunt
453 4208 518 4292 (m).
541 4209 599 4270 llic
633 4207 709 4270 lecit
741 4206 941 4288 coopertoria
974 4208 1024 4268 rel
1055 4225 1131 4267 vasa
1152 4223 1249 4267 aurea
1270 4212 1302 4267 et
1324 4211 1475 4284 argentea
1499 4205 1591 4287 plura
1612 4227 1668 4288 per
1689 4209 1829 4272 diversas

201 4316 351 4381 ecelesias
372 4315 413 4378 ad
436 4333 526 4378 usum
549 4320 749 4377 stornatum
771 4313 974 4375 ecclesiarum
995 4311 1123 4376 Christi.
1147 4312 1204 4374 llic
1224 4312 1384 4374 ordinavit
1405 4313 1593 4374 ltamianum
1615 4314 1827 4396 archiepisco·

201 4441 279 4505 pum
301 4427 418 4485 mactae
439 4421 586 4484 Ecclesia
608 4420 809 4494 llavennatis,
833 4425 929 4501 atque
951 4419 1144 4482 Clementem
1166 4419 1369 4481 Frisonorum
1391 4417 1447 4501 (n).
1471 4419 1526 4481 Hic
1552 4419 1711 4482 ordinavit
1732 4421 1827 4484 Bere·

138 4530 181 4594 lii
202 4529 375 4611 chysldum
397 4527 437 4610 (ο)
459 4526 636 4591 Britannia
650 4524 933 4607 archiepiscopum.
957 4526 1014 4588 Hic
1036 4525 1196 4588 ordinavit
1216 4511 1273 4606 per
1294 4524 1434 4588 diversas
1464 4525 1642 4607 provincias
1663 4528 1829 4609 episcopos

203 4635 379 4717 nonaginta
413 4641 547 4717 septem.
569 4633 655 4696 l'ecit
684 4639 790 4695 autem
812 4637 844 4696 et
864 4632 1081 4695 ordinationes
1116 4633 1195 4694 duas
1230 4651 1287 4714 per
1308 4651 1448 4694 mensem
1469 4632 1574 4696 Martii
1598 4651 1605 4693 :
1630 4634 1830 4716 presbyteros

203 4743 314 4806 decem
336 4748 368 4807 et
388 4747 460 4806 octo
481 4742 632 4804 diaconos
653 4746 800 4823 quatuor.
824 4739 884 4814 Oui
905 4739 1001 4802 etiam
1023 4739 1166 4821 sepultus
1193 4746 1240 4801 est
1266 4740 1306 4802 ad
1335 4739 1465 4802 beatum
1492 4742 1622 4802 Petrum
1650 4741 1829 4822 apostolum

202 4866 235 4916 vr
257 4849 298 4934 (p)
321 4849 396 4914 ldae
415 4847 620 4931 Septembris,
643 4847 813 4910 indictione
833 4863 886 4922 xv,
909 4846 1036 4908 'liberio
1058 4851 1221 4926 August03
1245 4851 1277 4909 et
1298 4846 1430 4909 cessavit
1464 4847 1664 4928 episcopatus
1690 4867 1829 4912 mensem

205 4975 317 5033 unum,
340 4957 408 5021 dies
428 4955 551 5036 viginti.

726 5313 851 5363 norum
873 5305 1066 5363 deturbatus
1088 5316 1248 5364 ransom.

163 5618 202 5688 (o)
216 5608 325 5672 trabes.
343 5613 382 5688 (b)
397 5613 486 5672 exeis
495 5613 588 5672 albos.
613 5617 650 5685 (r)
658 5618 792 5741 prratuor
806 5613 966 5672 coccineos.
991 5616 1050 5692 (dl'
1067 5618 1221 5693 dissipato.
1247 5620 1304 5694 (εγ
1318 5621 1427 5678 abditis
1441 5617 1638 5676 interioribus.
1710 5621 1719 5644 ·
1736 5619 1828 5677 albas.

130 5685 169 5833 Sp)
246 5685 374 5772 borium.
410 5683 449 5759 (b)
465 5687 476 5712 ·
490 5684 560 5744 illie.
579 5687 644 5771 Ι(ἰΓ
683 5685 966 5768 ,Ostiis,·ls'beriais.
992 5689 1114 5761 (j)‘via
1129 5691 1281 5749 havicana.
1310 5693 1348 5767 (lc)
1365 5692 1429 5749 Vide
1443 5695 1533 5774 horon
1547 5687 1652 5746 mann
1735 5694 1765 5748 in
1778 5693 1828 5767 fin.

154 5757 190 5830 Γ
205 5777 238 5818 se
253 5755 360 5818 rsiectr.
389 5757 439 5837 (m)
454 5759 465 5827 ,¹
481 5773 588 5816 reversi
603 5758 682 5820 eunt.
712 5758 753 5834 (a)
765 5758 933 5838 „lrrsonum
963 5757 999 5834 (0)
1013 5761 1045 5830 s,
1061 5761 1293 5822 Berectualdum.
1310 5763 1350 5838 w)
1366 5768 1397 5834 lt,
1414 5763 1527 5836 quinto.
