4072 6170
189 238 193 246 “
225 233 283 296 ora
802 225 1009 292 anasrasn
1031 225 1343 295 erenrornacann
1847 249 1896 315 530

303 363 494 426 Decembris.
531 364 570 426 Et
591 367 723 444 rogante
744 363 864 444 populo
886 368 990 426 tentus
1012 368 1070 426 est.
1092 365 1168 426 Erat
1188 367 1272 428 enim
1299 367 1413 430 natalis
1442 367 1512 447 ejas
1542 369 1618 447 dies,
1641 389 1769 436 munera
1788 380 1898 446 tradens
1980 443 1981 446 ,

302 472 432 553 populo,
454 472 509 552 qui
531 478 640 533 tenens
661 471 807 552 deposuit
836 491 906 534 eum
939 491 996 552 per
1022 472 1169 547 Tiberim,
1193 479 1225 535 et
1253 475 1338 536 misit
1367 475 1398 536 in
1429 476 1546 538 navim.
1570 478 1661 540 Plebs
1682 484 1839 568 autemlo)
1858 509 1899 552 sc·

242 578 280 638 lo
301 578 457 658 qaebatar
477 598 549 641 eam
571 579 797 641 acclamantem
822 577 873 661 (d),
896 584 931 640 ut
952 579 1126 641 orationem
1150 580 1190 642 ab
1211 599 1248 643 eo
1270 581 1459 662 acciperent.
1483 585 1563 646 Data
1583 585 1734 663 oratione,
1756 595 1901 672 respondit

299 686 402 746 omnia
423 685 559 766 populus
580 689 692 761 Amen,
708 693 740 747 et
761 691 847 747 mota
875 691 922 747 εει
949 685 1049 746 navis.
1072 685 1222 748 Videntes
1251 689 1397 765 Romani,
1420 691 1508 770 quod
1535 693 1684 756 movisset
1705 693 1740 776 (c)
1761 699 1852 774 navis,
1871 702 1899 764 in

299 811 362 872 qua
383 793 513 854 sedebat
533 793 677 873 vigilius,
700 799 774 855 tanc
795 793 891 873 coepit
912 793 1048 874 populus
1073 793 1195 872 jactare
1226 800 1297 875 post
1327 814 1398 857 eum
1431 796 1563 878 lapides,
1591 800 1700 877 fustes,
1722 803 1856 881 cacabos,
1875 815 1901 871 et

298 901 401 962 dicere
425 918 432 960 :
457 902 568 962 rames
589 907 644 962 tua
666 907 781 975 tecum,
805 900 982 961 mortalitas
1003 905 1108 962 tecum
1131 902 1367 969 :malefecisti
1395 905 1556 981 Romanis,
1585 907 1668 969 male
1697 908 1832 974 invenias
1855 933 1901 976 ra·

298 1009 356 1070 dis.
379 1010 419 1070 Et
439 1009 567 1088 quidem
590 1007 633 1090 (d)
653 1014 810 1071 amatores
831 1007 899 1088 ejus
920 1008 1019 1070 secuti
1039 1027 1110 1069 eum
1134 1015 1208 1071 sunt
1228 1010 1266 1072 de
1288 1011 1432 1073 ecclesia.
1895 992 1898 998 ¹

339 1126 421 1179 1⁰5
444 1119 502 1190 Qui
523 1118 681 1196 ingressus
702 1117 841 1179 Siciliam
864 1117 896 1178 in
918 1117 1077 1179 civitatem
1098 1119 1316 1193 Catanensem,
1345 1120 1516 1201 permissus
1546 1127 1594 1184 est
1620 1123 1723 1186 lacere
1747 1126 1903 1192 ordinatio·

298 1244 370 1286 nem
388 1243 608 1314 parmensem
630 1224 810 1285 Decembris
833 1224 1032 1304 presbyteros
1053 1228 1084 1286 ct
1106 1224 1310 1302 diaconos,'in
1332 1226 1446 1307 quibus
1469 1229 1678 1292 retransmisit
1700 1234 1826 1295 Romam
1844 1237 1903 1297 hm·

298 1332 430 1412 pliatam
453 1332 681 1413 presbyterum,
706 1335 738 1392 ει
757 1329 988 1393 vicedominum
1011 1349 1115 1406 suum,
1138 1338 1170 1393 et
1190 1332 1391 1394 Valentinum
1414 1334 1610 1416 episcopam,
1633 1356 1653 1398 a
1674 1344 1781 1400 saucia
1801 1339 1834 1422 (e)
1854 1343 1904 1403 ltu·

299 1441 373 1514 lina,
396 1446 428 1501 et
448 1439 605 1513 Secunda,
628 1439 667 1500 ad
681 1438 930 1500 custodiendum
959 1438 1123 1499 Lateranis
1144 1437 1198 1520 (s),
1222 1443 1254 1500 et
1274 1440 1517 1519 gubernandam
1547 1445 1680 1506 elerrnu.
1709 1445 1749 1508 llt
1776 1446 1842 1509 vale
1863 1449 1903 1510 la·

257 1548 275 1605 5
297 1547 383 1609 ciens
403 1547 562 1619 omnibus,
584 1547 743 1626 ingressas
764 1551 811 1606 est
832 1544 1137 1626 Constantinopolim
1159 1545 1192 1606 in
1214 1546 1328 1625 Vigilia
1348 1548 1475 1610 Domini
1496 1551 1597 1613 nostri
1617 1551 1697 1613 Jesu
1714 1551 1834 1615 Christi.
1855 1555 1904 1618 Ob

297 1654 365 1716 rias
386 1660 434 1716 est
454 1653 482 1714 ei
502 1653 685 1734 imperator,
709 1657 740 1713 et
760 1652 938 1713 osculantes
958 1669 991 1713 se
1012 1658 1177 1731 coeperunt
1198 1653 1283 1728 llere,
1315 1658 1346 1716 et
1374 1655 1463 1735 plebs
1493 1656 1548 1718 illa
1577 1657 1733 1737 psallebat
1752 1666 1902 1723 antaeum

295 1780 395 1841 usque
416 1761 457 1821 ad
478 1760 641 1822 ecclesiam
663 1765 779 1820 sanctae
801 1758 928 1838 Sophiae
951 1775 958 1819 :
983 1761 1061 1820 llcce
1082 1759 1210 1821 advenit
1231 1760 1413 1823 dominator
1433 1764 1594 1840 Dominus,
1620 1771 1681 1827 cte.

301 1855 305 1866 ¹
337 1876 420 1930 1⁰ss
440 1869 501 1928 Per
522 1867 683 1928 biennium
705 1885 779 1929 vero
801 1867 930 1928 luerunt
957 1867 1175 1928 contentiones
1204 1868 1243 1929 de
1274 1869 1425 1931 Anlhimo
1447 1870 1643 1951 patriarcha,
1666 1873 1822 1953 quomodo
1842 1892 1905 1955 pro·

296 1975 431 2038 misisset
451 1993 523 2036 eum
545 1974 577 2034 in
599 1974 703 2035 locum
734 1992 826 2036 saum
855 1973 1029 2046 restituere,
1052 1973 1230 2035 cautionem
1252 1993 1365 2038 manus
1386 1995 1450 2038 saae
1482 1977 1510 2039 ei
1539 1979 1742 2041 ostendentes
1762 1981 1903 2060 quomodo

296 2083 483 2165 promiserat
503 2100 574 2142 eum
596 2082 629 2141 in
650 2081 793 2143 ordinem
815 2099 906 2141 suum
928 2099 1086 2142 revocare.
1111 2081 1173 2143 Sed
1198 2082 1331 2162 Vigilias
1357 2083 1539 2146 nullalenus
1568 2085 1613 2147 eis
1644 2086 1744 2148 voluit
1763 2086 1903 2148 consenti·

296 2211 341 2266 re,
364 2190 418 2252 sed
439 2194 529 2250 tanta
551 2188 716 2249 roboratus
738 2187 852 2248 virtute
883 2187 983 2266 magis
1011 2187 1092 2249 mori
1122 2187 1332 2264 desiderabat,
1356 2208 1450 2270 quam
1473 2191 1579 2254 virere
1599 2191 1658 2274 (p).
1681 2195 1768 2255 Tunc
1788 2193 1903 2274 vigilias

255 2303 273 2361 5
297 2317 379 2379 papa
400 2297 479 2357 dixit
502 2314 509 2356 :
533 2299 575 2358 Ut
594 2295 697 2368 video,
722 2313 785 2354 non
807 2312 856 2354 me
880 2295 1020 2356 lecerunt
1049 2293 1090 2354 ad
1119 2299 1149 2355 te
1177 2295 1284 2357 venire
1312 2297 1521 2372 lastinianus,
1544 2305 1576 2360 et
1601 2299 1769 2361 Theodora
1789 2299 1902 2380 piissimi

296 2405 464 2486 principes,
488 2403 542 2465 sed
564 2403 658 2463 hodio
686 2401 750 2462 scio
781 2401 866 2481 quod
887 2401 1115 2462 Diocletianum
1138 2406 1169 2462 et
1190 2401 1405 2465 Eleutheriam
1427 2404 1552 2480 inveni;
1575 2405 1671 2468 facite
1692 2412 1728 2469 ut
1747 2407 1845 2480 valtis,
1865 2406 1902 2466 di·

175 2553 180 2563 .
295 2531 358 2592 gna
379 2511 462 2573 enirn
486 2510 575 2571 lactis
597 2509 725 2590 recipio.
747 2511 835 2570 Tunc
858 2508 944 2568 dedit
972 2508 1098 2589 alapam
1125 2508 1157 2569 in
1186 2509 1296 2570 taciem
1324 2509 1392 2590 ejus
1418 2511 1549 2592 quidam
1580 2512 1689 2574 diceus
1712 2531 1719 2574 :
1743 2512 1899 2586 Homicida,

295 2619 405 2695 nescis,
429 2617 543 2698 quibas
563 2617 722 2698 loqueris?
743 2617 848 2677 Nescis
869 2616 943 2695 quia
965 2614 1131 2676 silverium
1155 2635 1270 2696 papam
1294 2617 1445 2692 occidisti,
1469 2619 1622 2680 etlilium
1653 2619 1790 2681 mulieris
1814 2619 1901 2680 vidua

295 2726 335 2788 ad
356 2726 458 2787 calces
479 2730 510 2787 et
531 2725 628 2785 fustes
649 2723 843 2785 interfecisti.
871 2725 959 2784 'lunc
987 2721 1109 2800 lugiens
1130 2723 1162 2783 in
1186 2723 1349 2785 ecclesiam
1380 2730 1497 2786 sancta
1527 2725 1724 2807 Euphemiae,
1748 2725 1842 2788 tenuit
1860 2743 1903 2787 co·
1980 2775 1981 2784 ,

237 2834 436 2898 rotumnam
459 2832 577 2894 altaris.
601 2829 660 2904 Oui
681 2835 799 2892 tractus
821 2835 868 2891 est
889 2829 929 2890 ab
951 2847 999 2901 ca,
1022 2834 1053 2890 et
1074 2828 1192 2908 ejectas
1214 2829 1289 2890 loris
1309 2829 1351 2911 (t)
1374 2831 1550 2893 ecclesiam.
1573 2833 1724 2913 Fecitque
1750 2831 1899 2894 'l'bcodora

293 2943 434 3022 Augusta
457 2939 537 3000 mitti
559 2939 667 3000 lunam
689 2938 721 2997 in
745 2936 859 2998 collam
882 2935 960 3014 ejus,
984 2941 1015 2996 et
1037 2934 1120 2997 trahi
1142 2955 1198 3017 per
1219 2940 1317 2998 totam
1344 2935 1505 2998 civitatem
1532 2957 1635 3019 usque
1664 2940 1703 3001 ad
1735 2955 1895 3020 vesperam.
1980 3019 1981 3026 ἵ

293 3051 380 3109 Τεεε
402 3047 513 3107 missus
534 3050 580 3107 est
601 3045 633 3104 in
656 3043 842 3116 custodiam,
865 3049 896 3104 et
917 3041 1052 3122 dabatur
1073 3042 1102 3104 ei
1124 3043 1281 3105 modicam
1304 3044 1394 3124 panis
1415 3048 1447 3104 et
1468 3062 1572 3124 aqum.
1597 3045 1707 3108 Clarus
1727 3053 1827 3110 autem
1848 3047 1899 3106 llo·

295 3172 419 3228 manus,
447 3153 499 3232 qai
532 3170 603 3214 cum
633 3170 670 3213 eo
699 3155 777 3228 erat,
810 3149 896 3210 missi
923 3153 997 3210 sunt
1024 3149 1057 3209 in
1086 3150 1229 3212 exsilium
1262 3169 1319 3229 per
1348 3150 1471 3212 diversa
1500 3152 1579 3226 loca,
1613 3154 1656 3215 ad
1687 3154 1810 3216 metalla
1837 3150 1899 3214 inei·
1980 3139 1981 3214 J

294 3261 410 3322 denda.
1619 3325 1622 3332 ,
1722 3241 1727 3253 ’
1763 3335 1767 3340 ἡ
1980 3325 1981 3344 2

337 3375 416 3429 wa
439 3369 528 3428 Tunc
549 3364 644 3429 Gothi
665 3365 806 3426 lecerunt
827 3362 887 3424 sibi
908 3381 1014 3443 regem
1041 3363 1182 3425 Daduam
1214 3363 1259 3446 (a),
1290 3363 1345 3444 qui
1373 3364 1475 3427 Totila
1502 3366 1759 3447 nuncupabatur,
1788 3371 1817 3428 ot
1842 3365 1901 3425 des·
1980 3397 1981 3420 2

293 3475 399 3537 cendit
418 3476 561 3546 Romam,
577 3477 609 3534 et
630 3471 753 3534 obsedit
773 3489 854 3532 eam.
871 3472 909 3532 lit
930 3471 1015 3532 lacta
1036 3471 1201 3532 astismos
1223 3471 1363 3532 maxima
1384 3472 1416 3532 in
1439 3472 1565 3535 civitate
1588 3476 1745 3543 Romana.
1767 3471 1901 3536 atellam

294 3587 384 3642 natos
406 3600 478 3643 suos
499 3581 616 3643 vellent
637 3578 812 3640 comedere.
835 3577 891 3638 Die
920 3577 954 3658 (z)
983 3583 1087 3639 autern
1120 3578 1213 3639 tertia
1240 3577 1363 3640 decima
1390 3578 1531 3641 introivit
1559 3580 1592 3640 in
1621 3581 1779 3643 civitatem
1808 3583 1902 3640 ltoma·

294 3707 380 3764 nam,
403 3687 511 3750 indict.
534 3704 587 3750 rur
610 3685 664 3768 (t),
693 3703 749 3766 por
776 3690 898 3766 portam
929 3685 1029 3746 sancti
1057 3684 1158 3745 Pauli.
1190 3687 1271 3746 Tota
1300 3684 1383 3746 enim
1414 3691 1505 3748 nocte
1536 3687 1611 3748 lecit
1642 3687 1776 3750 buccina
1801 3682 1900 3763 clangi,

253 3800 391 3877 itusque
413 3795 487 3856 dam
510 3799 641 3855 cunctus
663 3790 799 3873 populus
820 3791 955 3870 lugeret,
979 3797 1035 3852 aut
1055 3810 1112 3872 per
1133 3791 1279 3853 ecclesias
1301 3810 1333 3854 se
1355 3791 1506 3867 celarent,
1530 3811 1570 3854 ne
1591 3794 1700 3874 gladio
1722 3790 1848 3856 ltomani
1866 3788 1900 3850 ri·

165 3927 170 3936 ·
294 3910 359 3964 tam
380 3901 520 3964 linirent.
543 3903 704 3980 Ingressus
726 3902 831 3960 autem
854 3917 909 3958 rex
931 3897 1086 3959 habitavit
1107 3915 1178 3959 cum
1202 3898 1363 3972 Romanis,
1386 3898 1477 3978 quasi
1508 3905 1599 3979 pater
1626 3919 1700 3962 cam
1728 3900 1902 3962 illiadem

294 4010 424 4091 quidam
446 4009 485 4070 de
506 4007 704 4070 senatoribus
729 4005 884 4085 fagientes
914 4005 1055 4066 Techeus
1077 4003 1122 4086 (l),
1145 4004 1290 4079 Albinus,
1320 4009 1353 4067 ει
1381 4005 1514 4066 Basilius
1544 4005 1697 4087 patricias
1724 4001 1899 4074 exconsules,

292 4116 426 4196 ingressi
458 4121 532 4178 sant
569 4113 885 4194 Constantinopolim,
927 4118 959 4175 et
989 4117 1145 4193 praesento
1184 4117 1256 4174 ante
1295 4112 1521 4193 imperatorem
1561 4113 1674 4177 sillicti
1709 4119 1741 4176 et
1769 4107 1897 4174 desolati.

292 4225 480 4288 Consulatus
510 4229 557 4286 est
584 4228 690 4284 autem
721 4239 775 4284 cos
805 4221 990 4302 imperator,
1023 4224 1055 4281 et
1088 4219 1201 4280 ditarit
1232 4238 1297 4295 eos,
1329 4219 1409 4282 sicut
1445 4218 1533 4300 digni
1564 4225 1657 4282 erant
1690 4217 1828 4282 consules
1848 4217 1899 4276 lto·

294 4332 393 4397 mani.
477 4379 482 4388 .

335 4440 557 4502 nesseden
585 4444 727 4518 tempore
758 4435 843 4496 misit
871 4435 1045 4515 imperator
1072 4432 1270 4496 lastinianus
1298 4436 1461 4496 Nassetem
1492 4432 1676 4495 eunuchum
1706 4438 1737 4496 ει
1764 4426 1902 4494 cubicula·

293 4548 373 4610 rium
396 4565 488 4607 saum
510 4547 542 4607 in
567 4545 699 4618 ltaliam,
723 4542 789 4622 qui,
812 4540 887 4601 data
908 4558 1015 4620 pugna
1037 4557 1108 4600 cam
1130 4538 1248 4612 Gothis,
1273 4539 1403 4602 donarit
1424 4539 1453 4602 ei
1474 4543 1556 4602 Deus
1576 4541 1754 4613 victoriam,
1775 4543 1806 4600 et
1829 4531 1901 4597 occl-

292 4673 345 4716 sus
366 4659 413 4716 est
434 4672 500 4726 rex,
530 4657 562 4713 et
592 4649 760 4712 multitudo
790 4647 965 4710 Gothorum
993 4645 1149 4708 interlecti
1178 4651 1263 4706 sant.
1295 4649 1383 4708 'lanc
1411 4647 1568 4709 adunatus
1597 4647 1699 4709 clerus
1728 4641 1901 4725 rogaverant

292 4763 467 4834 Narsetem,
490 4762 525 4818 ut
546 4774 611 4817 ana
631 4774 702 4817 cam
724 4754 792 4834 eius
814 4753 1015 4834 suggestione
1036 4756 1187 4833 rogarent
1207 4752 1393 4834 principem,
1419 4759 1455 4814 ει
1476 4754 1502 4815 si
1523 4754 1628 4816 adhuc
1649 4754 1767 4816 viveret
1784 4745 1901 4829 vigilios

292 4884 388 4949 papa,
416 4870 471 4927 aut
499 4863 711 4946 presbyteros,
740 4881 795 4924 sea
826 4863 975 4924 diaconos
997 4859 1060 4942 (m),
1083 4860 1132 4922 rel
1154 4861 1268 4934 clerus,
1291 4861 1439 4940 quicum
1461 4861 1572 4924 eodem
1593 4861 1707 4942 vigilio
1723 4841 1851 4920 'fuerant
1872 4849 1899 4910 in

292 4975 436 5038 exsilium
459 4972 626 5052 deportati,
650 4975 892 5033 reverterentur.
917 4971 1071 5049 Suscepta
1092 4972 1198 5029 autem
1220 4967 1372 5048 relatione
1394 4967 1546 5042 Narsetis,
1568 4968 1618 5029 rol
1639 4965 1743 5029 cuncti
1762 4960 1833 5025 cleri
1853 4959 1901 5018 lto·

294 5084 380 5148 mani
401 5083 491 5144 laetus
514 5083 642 5144 allectus
663 5086 710 5142 est
731 5081 914 5162 imperator,
932 5085 963 5141 et
984 5097 1094 5140 omnes
1116 5079 1225 5159 inclyti
1246 5077 1314 5156 ejas
1335 5096 1372 5139 eo
1394 5078 1479 5158 qaod
1501 5077 1644 5158 requiem
1665 5076 1811 5139 donasset
1828 5071 1898 5130 aeus

292 5165 453 5230 Romanis.
477 5165 516 5225 ldt
538 5182 610 5225 mox
632 5162 717 5224 misit
733 5161 892 5240 jussiones
913 5179 986 5221 suas
1008 5177 1065 5239 per
1086 5158 1210 5220 diversa
1230 5158 1309 5233 loca,
1334 5157 1388 5218 ubi
1410 5159 1537 5220 lucrant
1566 5159 1599 5219 in
1628 5156 1772 5221 exsilium
1797 5150 1897 5230 ‹lepor-

803 5409 931 5461 aarum
951 5406 1147 5455 alnaldsbtts
1167 5408 1328 5468 raesoral.

248 5623 413 5702 (e)“Plcbs
428 5627 525 5681 autem
541 5625 569 5679 ει
584 5618 721 5695 populas.
760 5579 1005 5691 (di'acclamans
1020 5605 1191 5672 clamantes.
1230 5617 1266 5685 (c)
1287 5619 1368 5672 mota
1389 5616 1466 5672 esset
1487 5615 1517 5669 C.
1555 5611 1743 5740 phqaidam.
1777 5589 1899 5679 (cithii

212 5704 341 5758 sanetas.
381 5698 590 5826 (sphateranaa
605 5694 636 5749 C.
675 5692 711 5766 (ρ)
730 5691 908 5748 recrearer.
925 5688 959 5744 cd
975 5689 1105 5771 enphit
1146 5687 1183 5770 (lt)
1199 5685 1230 5770 C,
1246 5687 1333 5743 lonas.
1373 5689 1406 5758 (r)
1422 5689 1452 5754 C,
1469 5685 1644 5743 Dadiulam.
1687 5681 1725 5756 (j)
1741 5677 1773 5745 C,
1791 5667 1903 5763 quasso

212 5771 268 5846 die,
308 5769 390 5852 (tric,
422 5769 449 5830 3.
487 5765 565 5846 (DC,
581 5764 729 5826 Cretheus.
769 5760 1175 5842 (m)*Presbyterr,d1aconr,
1193 5757 1372 5820 Vadettcroc.
1389 5757 1586 5819 moreest.
