4048 6174
130 191 208 256 {029
312 255 318 268 ,
449 189 632 254 fllsroltrl
656 187 710 252 uh
728 185 831 252 virts
853 187 948 250 uolt.
971 185 1190 250 eoum-S.
1214 185 1438 254 aauuuultls
1460 184 1512 252 111.
1755 189 1836 257 iffi

167 325 243 388 tin
264 343 328 407 quo
349 321 483 402 eontulit
504 328 652 405 patenam
675 324 855 402 argenteam
879 326 910 382 ct
931 319 1152 394 calleamus
1182 337 1330 382 coronam
1363 327 1545 402 argenteam
1581 339 1653 386 curn
1675 320 1834 404 delphinis

210 459 277 516 sex,
300 457 424 503 necnon
446 445 478 501 et
498 438 685 501 coronulam
708 454 836 499 auream
859 455 931 498 cum
953 451 1045 498 cruce
1068 435 1258 516 pendentem
1280 455 1376 518 super
1397 437 1508 500 altare.

252 560 342 619 0⁰⁰
362 557 440 618 ltem
462 553 495 616 iu
516 553 647 618 basilios
668 559 785 616 sancta
805 551 865 616 liei
884 549 1060 627 Genitriois,
1083 570 1154 633 qua
1174 551 1215 614 ad
1236 551 1393 632 Martyres
1414 551 1539 628 dieitur,
1556 558 1687 626 tectum,
1709 559 1834 618 uetusta

213 671 336 734 incuria
356 669 556 744 demolitum,
578 668 710 750 purgari
740 663 817 730 fecit
844 667 884 730 ad
905 683 1033 748 purum,
1057 671 1089 728 et
1117 685 1189 730 cum
1222 665 1308 729 calce
1339 665 1611 730 abundantissima
1631 687 1685 731 seu
1716 668 1835 732 chartis

212 785 371 871 plumbeis
391 804 412 848 s
432 803 514 848 novo
536 783 739 858 restauravit,
759 787 792 846 et
811 799 947 864 quaeque
975 800 1032 864 per
1058 781 1225 844 circuitum
1260 780 1400 865 ejusdem
1433 783 1504 844 tecti
1535 784 1659 847 fuerant
1685 788 1835 871 dissipata

211 921 295 967 novo
323 901 427 964 nitore
447 899 637 964 construxit.

254 1021 339 1080 2⁰¹
365 1017 446 1080 Item
466 1017 583 1076 mnas
603 1010 660 1076 uei
686 1013 860 1086 Genitrlcis,
885 1029 957 1093 qua
982 1011 1015 1073 in
1051 1011 1171 1093 Aquiro
1206 1011 1332 1086 dicitur,
1361 1011 1394 1072 in
1424 1030 1489 1094 que
1517 1018 1611 1078 antea
1640 1015 1774 1080 diacone
1805 1026 1837 1083 et

212 1149 346 1216 parvum
380 1127 554 1194 oratorium
589 1129 659 1204 fuit,
687 1147 757 1192 eam
788 1146 807 1190 e
836 1128 1052 1190 fundamentis
1080 1127 1257 1208 longiorem
1288 1133 1320 1190 et
1348 1127 1493 1191 letiorem
1528 1133 1706 1195 construxit
1738 1140 1836 1218 atque

213 1245 369 1330 depinxit.
392 1247 470 1309 llam
491 1246 668 1309 diaconiam
690 1249 870 1308 sanctorum
892 1243 994 1324 Sergii
1015 1242 1181 1306 etBacchi
1203 1242 1294 1305 sitam
1317 1242 1359 1305 ad
1388 1243 1516 1308 beatum
1547 1248 1678 1310 Petrum
1709 1257 1838 1332 aposto·

213 1357 347 1438 lumin
368 1361 574 1444 quapridem
604 1377 737 1443 pervum
766 1357 939 1421 oratorium
961 1364 1039 1434 erat,
1069 1376 1089 1419 a
1108 1359 1325 1421 fundamentis
1355 1359 1503 1441 ampliori
1539 1362 1659 1425 fabrice
1679 1364 1836 1430 dilatavit.

171 1477 254 1542 aaa
272 1477 448 1543 concedens
468 1476 577 1540 omnia
597 1495 669 1560 qum
690 1476 723 1537 in
745 1494 836 1537 usum
857 1473 1010 1536 diaconia
1032 1473 1180 1548 existunt,
1205 1474 1316 1539 statuit
1338 1481 1492 1556 perpetuo
1514 1479 1658 1558 tempore
1688 1499 1746 1561 pro
1765 1478 1837 1546 'sris-

214 1595 389 1660 tentaticue
410 1611 586 1676 pauperem
608 1589 641 1654 in
662 1590 816 1655 diaconiae
839 1588 1014 1652 ministerio
1034 1588 1203 1651 deservire.

254 1717 338 1776 m
360 1711 439 1773 ltem
460 1709 493 1770 in
515 1706 695 1770 caemeterio
717 1711 834 1769 senctae
856 1704 1035 1768 Petronillae
1055 1705 1224 1767 stationem
1246 1722 1384 1769 annuam
1405 1706 1476 1774 deri
1495 1707 1642 1785 instituit,
1667 1712 1722 1774 ubl
1747 1715 1839 1778 obtu-

214 1826 251 1888 lit
272 1841 422 1889 coronem
444 1841 584 1896 auream,
608 1822 737 1884 celieem
758 1825 790 1884 et
811 1824 960 1903 patenam
982 1823 1118 1900 urgent„
1141 1837 1196 1882 seu
1220 1819 1283 1882 alia
1303 1819 1428 1883 diversa
1448 1821 1489 1884 ad
1519 1830 1667 1888 ornatum
1699 1829 1838 1893 ecclesia

213 1939 416 2024 pertinentia.
439 1941 518 2002 Item
542 1938 688 2000 accubita
708 1936 749 2019 (a)
772 1955 843 2018 qum
864 1941 938 1998 sunt
969 1936 1010 1998 ab
1043 1935 1171 1997 beatum
1193 1937 1322 1998 Petrum
1353 1936 1385 1997 in
1419 1937 1517 1999 ruinis
1544 1941 1660 2019 posita,
1683 1961 1703 2006 a
1723 1945 1838 2010 funde-

216 2057 332 2118 mentie
358 2055 481 2118 noviter
503 2053 689 2116 restauravit
709 2057 805 2134 atque
826 2051 979 2132 depinxit,
1001 2050 1077 2113 item
1099 2050 1261 2112 basilicam
1283 2050 1368 2114 beati
1388 2047 1496 2128 Marci,
1521 2054 1613 2118 sitam
1636 2058 1712 2138 forie
1734 2079 1841 2124 muros

174 2175 193 2234 5
216 2171 312 2252 hujus
333 2171 467 2234 civitatis
489 2172 651 2242 Romanae,
674 2169 725 2232 vie
746 2167 858 2249 lippia,
881 2167 950 2246 ejus
971 2171 1088 2230 iccium
1110 2167 1250 2228 dirutum
1275 2185 1293 2228 a
1315 2186 1397 2229 novo
1419 2169 1538 2231 refecit.
1555 2172 1633 2235 Item
1654 2176 1687 2237 in
1709 2178 1841 2242 ecclesie

216 2288 302 2351 beati
322 2287 414 2350 Pauli
435 2285 571 2368 apostoli
593 2286 725 2348 mutavit
748 2284 852 2346 trabes
873 2300 1005 2346 numere
1027 2283 1178 2366 quinque,
1203 2288 1298 2364 etque
1320 2288 1421 2346 totum
1445 2284 1585 2366 ejusdem
1615 2288 1754 2356 basilica
1776 2300 1841 2358 tec-

217 2410 284 2467 tum
307 2405 347 2465 ab
368 2419 443 2465 arcu
465 2401 574 2464 altaris
596 2419 694 2482 usque
715 2399 756 2463 sd
771 2400 873 2479 regias
894 2400 1056 2462 resarcivit
1077 2418 1114 2462 ac
1144 2399 1344 2460 restauravit.
1368 2399 1500 2463 Mutavit
1533 2409 1638 2465 eutem
1674 2408 1779 2472 trebes
1809 2411 1842 2473 in

220 2525 330 2584 sancta
350 2519 407 2582 Dei
429 2518 584 2580 Genitrice
605 2523 637 2580 et
657 2516 742 2579 Petri
759 2515 854 2596 juxta
874 2516 1048 2588 Laterenis,
1071 2515 1166 2577 etiarn
1189 2521 1221 2577 et
1240 2515 1456 2578 caemeterium
1479 2515 1644 2582 beatorum
1666 2529 1842 2606 martyrum

220 2635 374 2710 ianuarii,
398 2633 530 2710 Urbani,
552 2633 698 2710 Tiburtii,
721 2632 879 2696 Valeriani
900 2637 933 2694 et
953 2631 1094 2704 Maximi,
1119 2637 1152 2692 ct
1171 2649 1281 2694 eorum
1315 2635 1432 2693 tectum
1460 2632 1492 2692 in
1516 2635 1613 2698 ruinis
1642 2639 1779 2720 positum
1803 2644 1843 2728 (b)

159 2755 201 2815 ru
222 2771 242 2814 a
263 2770 345 2816 noro
366 2749 497 2832 perfecit
518 2747 568 2830 (c).
591 2747 692 2827 llnjus
713 2745 909 2828 temporibus
929 2744 1067 2828 plurime
1097 2763 1170 2827 pars
1204 2764 1367 2808 murorum
1398 2745 1494 2828 hujus
1524 2749 1660 2816 civitatis
1691 2761 1843 2826 flemene

221 2872 398 2932 restaurata
419 2870 476 2928 est.
500 2861 690 2926 Alimoniam
716 2877 843 2943 quoque
871 2860 1028 2922 artificum
1050 2867 1081 2923 et
1103 2860 1239 2943 pretium
1261 2861 1301 2922 ad
1323 2861 1489 2926 emendam
1511 2866 1629 2932 calcem
1654 2871 1693 2936 de
1714 2879 1843 2960 proprio

222 2963 343 3046 tribuit.

261 3102 348 3161 ²⁰⁸
371 3093 473 3176 liujus
514 3093 709 3176 temporibus
746 3091 949 3155 Galliensium
998 3097 1137 3154 castrum
1169 3096 1390 3173 recuperatum
1417 3099 1475 3172 est,
1512 3116 1569 3179 pro
1598 3119 1663 3181 quo
1703 3108 1844 3187 quotidie

220 3214 466 3300 expugnabatur
492 3211 624 3272 ducatus
654 3211 814 3272 {fomanus
842 3226 862 3269 a
889 3208 1005 3270 ducatu
1035 3208 1210 3288 spoletino,
1239 3208 1320 3271 duas
1346 3210 1497 3291 pecunias
1524 3232 1588 3276 uon
1622 3237 1735 3299 parvas
1764 3228 1843 3290 Tra.

219 3329 367 3392 simundo
401 3326 473 3390 duci
511 3345 632 3400 eorum,
663 3330 699 3387 ut
735 3328 894 3386 cessarent
929 3323 1015 3386 bella
1049 3330 1081 3386 et
1118 3325 1320 3404 quaestiones,
1349 3327 1453 3406 potuit
1484 3347 1580 3394 causa
1619 3335 1720 3414 ssnire,
1752 3348 1785 3404 et
1812 3345 1844 3407 in

218 3464 371 3526 compage
399 3449 516 3506 sanetae
545 3440 727 3523 reipublicae
756 3445 851 3522 atque
879 3439 910 3500 in
939 3457 1072 3521 corpore
1100 3440 1225 3504 Christo
1254 3439 1361 3503 dilecti
1391 3443 1546 3508 exercitus
1568 3449 1847 3523 Romanienneeti

182 3561 384 3645 5prrecepit.
541 3557 544 3562 “

263 3681 351 3740 we
373 3674 431 3738 Mic
458 3675 533 3738 fecit
559 3675 661 3736 restes
688 3673 727 3736 de
753 3671 846 3734 altari
874 3671 905 3733 in
932 3671 1064 3734 eeclesia
1098 3672 1270 3736 salvatoris
1299 3673 1343 3757 (d)
1371 3675 1428 3738 Dei
1460 3679 1635 3759 Genitriois,
1665 3695 1845 3755 sanctorum

221 3791 436 3876 apostolorum
464 3789 550 3852 Petri
578 3796 611 3852 et
636 3788 737 3860 Pauli,
766 3793 861 3868 atque
888 3787 1022 3850 Andreae
1050 3794 1236 3850 ceterorum
1265 3789 1297 3850 in
1322 3789 1454 3854 dirersis
1482 3795 1633 3860 ecclesiis.
1663 3802 1738 3864 Narr
1769 3807 1846 3868 etin

220 3905 539 3971 Centumcellensium
569 3903 694 3966 civitate
724 3921 831 3965 muros
858 3902 981 3965 dimtos
1009 3921 1090 3984 pene
1119 3921 1138 3964 a
1165 3894 1379 3966 fundamentis
1404 3907 1574 3972 fortissime
1597 3917 1737 3978 construi
1761 3920 1845 3996 fecit,

221 4031 254 4086 et
279 4023 339 4086 hoc
368 4021 531 4084 constituit
558 4025 594 4081 ut
619 4019 792 4080 secundum
822 4018 1028 4080 constitutum
1057 4017 1142 4099 quod
1169 4036 1188 4080 a
1214 4018 1347 4100 collegio
1376 4022 1574 4086 sacerdotum
1610 4045 1717 4092 coram
1755 4052 1846 4098 sacro

180 4143 199 4202 5
223 4154 355 4222 corpore
380 4135 466 4199 beati
491 4135 577 4198 Petri
605 4135 724 4195 fectum
753 4137 801 4196 est
826 4151 884 4214 pro
912 4131 1110 4195 celebrandis
1136 4130 1297 4194 solemniis
1324 4133 1504 4214 vigiliarum
1544 4150 1641 4221 atque
1678 4145 1847 4210 missarum

221 4253 337 4320 Christi
362 4251 488 4318 Domini
516 4250 616 4314 nostri
641 4250 715 4313 iesu
743 4249 868 4326 Christi,
899 4253 1078 4330 sanctaeque
1103 4247 1172 4328 ejus
1200 4247 1373 4326 dominicis,
1400 4256 1582 4316 sanctorum
1612 4259 1845 4340 apostolorum,

222 4369 272 4433 uel
300 4369 443 4431 omnium
470 4373 651 4430 sanctorum
681 4368 867 4446 martyrum,
898 4383 935 4428 ac
961 4365 1188 4439 confessorum,
1216 4365 1493 4447 perfectorumpue
1520 4367 1682 4449 justorum
1718 4375 1752 4437 in
1782 4382 1848 4442 toto

225 4484 302 4547 orbe
329 4490 486 4547 terrarum
514 4481 788 4563 requiescentium,
818 4487 855 4544 ut
882 4481 914 4543 in
943 4479 1082 4544 oratorio
1111 4479 1232 4543 nomini
1260 4499 1370 4544 eorum
1399 4481 1543 4546 dedicato
1570 4485 1656 4549 intra
1683 4491 1848 4557 ecclesiam

224 4600 309 4664 beati
349 4600 434 4662 Petri
475 4596 611 4681 apostoli
648 4597 707 4659 sub
748 4615 841 4660 erocu
880 4595 1048 4678 principali
1086 4615 1105 4658 a
1133 4595 1297 4660 monachis
1336 4595 1453 4676 vigiliae
1488 4598 1735 4683 celebrarentur,
1771 4613 1804 4670 et
1831 4629 1851 4672 a

160 4719 203 4781 tu
228 4714 419 4798 presbyteris
459 4712 716 4776 hebdomadariis
758 4711 925 4775 missarum
961 4711 1115 4776 solemnia
1144 4730 1152 4772 ε
1182 4711 1292 4774 iisdem
1344 4710 1496 4774 institutis
1545 4713 1699 4797 disposuit
1740 4727 1776 4784 ut
1817 4723 1849 4786 in

225 4828 423 4894 coemeteriis
453 4829 699 4910 circumquaque
738 4827 847 4908 positis
885 4829 994 4890 Romae
1022 4825 1055 4888 in
1092 4826 1143 4888 die
1182 4823 1404 4887 Natalitiorum
1449 4846 1558 4890 eorum
1597 4831 1769 4900 luminaria
1786 4827 1851 4902 ''ri'd

225 4946 347 5026 vigillas
373 4945 533 5008 faciendas
561 4950 592 5006 et
619 4941 797 5006 oblationes
838 4942 878 5004 de
917 4940 1112 5024 patriarchio
1150 4959 1207 5023 per
1247 4939 1493 5004 oblationarium
1533 4944 1776 5028 deportarentur
1811 4955 1851 5016 ed

224 5059 427 5124 celebrandus
456 5059 578 5134 missas,
606 5077 663 5140 per
694 5075 789 5138 quem
827 5055 1009 5138 praeviderit
1046 5057 1199 5138 pontifex,
1231 5056 1287 5137 qui
1315 5075 1372 5140 pro
1401 5063 1543 5141 tempore
1571 5062 1667 5128 fuerit
1704 5069 1850 5133 sacerdo·

227 5183 302 5240 tem.
782 5243 785 5250 ,

266 5295 354 5354 m
376 5293 434 5356 llic
472 5291 546 5354 fecit
587 5287 804 5353 ordinationes
845 5293 908 5350 tres
948 5307 1005 5372 per
1047 5307 1187 5352 mensem
1235 5288 1451 5369 Decembrem,
1495 5293 1695 5378 presbyteros
1739 5295 1851 5378 viginti

225 5413 374 5489 quatuor,
403 5408 553 5472 diaconos
591 5410 665 5481 tres,
700 5403 864 5486 episcopos
901 5423 958 5487 per
994 5405 1120 5470 diuersa
1151 5405 1222 5470 loce
1260 5423 1392 5470 numero
1429 5409 1624 5491 octuaginta,
1662 5409 1718 5492 qui
1754 5412 1850 5478 etiam

747 5581 874 5631 nuruum
896 5581 1089 5632 ueneramus
1110 5583 1270 5632 secamur.

174 5711 219 5789 (a)
233 5708 397 5783 accubitus,
413 5708 465 5785 qui
480 5709 512 5768 B.
540 5710 579 5784 (b)
593 5711 671 5768 tecta
683 5707 715 5768 iu
729 5701 824 5767 ruinis
836 5707 941 5784 posite.
983 5708 1019 5786 (c)
1035 5709 1143 5768 refecit.
1181 5711 1239 5784 (ογ
1256 5710 1293 5768 ad
1308 5705 1412 5768 alteria
1426 5707 1557 5768 eeclesiis
1571 5713 1668 5774 sancti
1680 5713 1852 5782 sursum.
