4036 6164
129 177 186 246 dili
488 180 673 248 HISTORIA
693 184 744 250 bu
767 185 869 252 tl'rls
891 185 987 254 nait.
1007 185 1125 252 PON'l'.
1141 217 1181 235 -
1194 188 1227 254 S.
1249 187 1466 256 slhvhnws.
1772 189 1834 260 566

207 331 321 393 unum,
337 317 370 379 ct
383 318 495 398 portus
508 319 671 382 Romanus
685 338 705 381 a
717 320 838 384 Gothis.
855 321 1010 385 Patricius
1023 321 1212 384 venerabilis
1226 322 1389 387 vilisarius
1409 325 1580 407 pugnando
1604 325 1678 391 vicit
1699 326 1828 405 Gothos,

208 427 241 484 et
254 424 457 504 postmodum
472 425 622 505 sugerunt
638 427 732 489 Gothi
747 430 929 492 Ravennam
941 435 1013 511 post
1026 448 1145 492 annum
1162 449 1271 492 unum.

250 537 333 592 ¹⁰⁰
361 532 481 593 Eodem
509 535 652 615 tempora
682 540 772 598 tanta
797 537 896 598 fames
925 536 985 598 luit
1013 556 1070 618 per
1097 537 1279 599 universum
1307 539 1473 616 mundum,
1504 548 1540 604 ut
1566 542 1679 605 Dacius
1707 543 1829 624 episco-

208 657 270 720 pus
298 637 435 700 civitatis
476 639 720 704 Mediolanensis
760 642 912 706 relatione
940 662 998 705 sua
1037 644 1098 706 hoc
1136 644 1298 708 evidenter
1340 648 1528 723 narraverit,
1571 650 1656 729 quod
1693 649 1726 711 in
1755 669 1829 731 par-

207 745 294 808 tibus
330 745 466 824 Liguriae
517 748 664 810 mulieres
710 749 792 813 filios
836 769 909 812 suos
951 751 1161 814 comedissent
1200 753 1334 832 penuria
1375 754 1480 828 famis,
1522 773 1601 834 quas
1644 757 1751 818 retulit
1792 777 1829 820 ex

207 852 356 915 ecclesia
384 871 450 915 suas
477 853 572 917 luisse
602 856 723 918 familia
751 857 803 939 (a).
832 858 951 921 llodem
989 863 1133 941 tempore
1169 860 1344 923 ambulavit
1382 861 1544 924 vilisarius
1570 862 1720 941 patricius
1749 865 1830 925 Nea-

170 960 320 1042 5polim,
351 966 383 1022 et
409 960 567 1024 ordinavit
597 981 679 1025 eam.
708 965 748 1026 llt
774 966 977 1045 postmodum
1005 967 1093 1028 venit
1119 969 1282 1042 Romam;
1310 969 1365 1049 qui
1402 973 1565 1048 susceptus
1593 974 1640 1030 est
1669 987 1688 1030 a
1715 967 1832 1030 domno

208 1067 343 1131 silverio
371 1068 520 1150 benigue,
551 1075 583 1132 et
611 1069 690 1132 abiit
720 1069 759 1153 (h)
787 1071 953 1135 vilisarius
980 1073 1130 1154 patricius
1158 1075 1190 1135 in
1219 1075 1372 1155 palatium
1400 1075 1585 1138 Pincianum
1611 1075 1660 1156 (c),
1687 1074 1733 1136 ld.
1760 1075 1834 1137 tlaii

207 1172 262 1254 (d),
294 1174 405 1240 indict.
436 1193 489 1238 xv.
518 1177 606 1238 'lunc
634 1181 702 1239 erat
729 1177 972 1272 vigilius'diac.
1002 1179 1224 1260 apocrisiarius
1256 1180 1539 1262 Constantinopoli.
1570 1181 1686 1245 Dolens
1727 1185 1833 1242 autem

207 1285 353 1361 Augusta
381 1301 439 1366 pro
467 1282 620 1346 Anthimo
649 1283 843 1365 patriarcha,
867 1286 953 1366 quod
982 1285 1143 1367 depositus
1169 1287 1279 1349 fuisset
1305 1306 1325 1350 a
1352 1289 1547 1350 sanctissimo
1575 1287 1710 1369 Agapito
1737 1305 1832 1369 papa,

207 1387 263 1470 qui
291 1406 364 1451 eum
392 1389 577 1452 haereticum
607 1389 785 1472 reperisset,
811 1397 843 1460 et
865 1393 898 1454 in
923 1392 1028 1456 locum
1052 1393 1120 1474 ejus
1142 1393 1354 1456 constituisset
1377 1395 1525 1456 Mennam
1554 1413 1679 1456 servum
1705 1393 1763 1458 Dei
1778 1392 1832 1475 (elz

155 1495 188 1560 tn
207 1499 282 1558 tunc
305 1498 459 1577 Augusta,
491 1497 625 1560 concilio
655 1515 712 1559 usa
740 1517 812 1561 cum
841 1499 956 1578 vigilio
985 1499 1132 1576 diacono,
1161 1500 1246 1562 misit
1273 1500 1422 1581 epistolas
1450 1519 1523 1562 suas
1546 1502 1678 1561 Romam
1701 1499 1834 1562 Silvcrio

207 1620 311 1688 papa,
344 1621 461 1686 rogans
489 1608 521 1666 et
548 1604 716 1667 obsecrans
732 1623 739 1666 ε
758 1608 802 1670 Ne
831 1605 991 1688 pigriteris
1018 1607 1059 1668 ad
1086 1625 1145 1670 nos
1173 1607 1291 1683 venire,
1322 1613 1378 1670 aut
1397 1614 1480 1670 certe
1509 1625 1623 1669 revoca
1645 1605 1832 1668 Anthimum

205 1709 239 1774 ln
267 1709 375 1776 locum
402 1728 506 1774 suum.
536 1710 595 1783 Oui
622 1711 698 1773 dum
726 1712 854 1792 legisset
881 1712 1082 1776 beatissimus
1118 1714 1268 1776 Silverius
1305 1713 1438 1787 litteras,
1473 1713 1636 1794 ingemuit,
1667 1717 1700 1790 et
1726 1712 1830 1775 dixit:

205 1814 300 1880 blodo
330 1815 394 1882 scio
422 1817 498 1899 quia
526 1818 593 1880 haec
621 1836 716 1880 causa
744 1819 839 1881 finem
867 1819 941 1880 vitae
978 1836 1057 1880 meae
1094 1819 1226 1882 adduxit
1258 1819 1308 1901 (f).
1338 1820 1400 1884 Sed
1441 1819 1641 1910 beatissimus
1681 1818 1832 1882 Silverius

206 1921 356 1988 tiduciam
384 1923 506 1988 hahens
533 1923 566 1986 in
592 1927 658 1988 Deo
686 1929 719 1987 et
745 1924 838 1986 beato
866 1926 958 1986 Petro
989 1925 1144 2005 apostolo,
1172 1926 1332 2008 rescripsit
1357 1927 1530 2006 Augustae:
1552 1925 1688 1987 Domina
1713 1926 1833 2004 hugus-

49 2069 50 2075 κ
154 2028 186 2092 li
207 2033 249 2105 ta,
278 2047 338 2110 rgo
368 2049 434 2095 rem
462 2031 555 2093 istam
584 2031 725 2093 facturus
753 2049 916 2112 nunquam
945 2049 1011 2107 ero,
1040 2037 1076 2093 ut
1103 2051 1247 2094 revocem
1290 2032 1453 2094 hominem
1494 2031 1678 2093 haereticum
1714 2031 1747 2091 in
1775 2049 1832 2092 sua

207 2135 351 2216 nequitia
377 2135 576 2202 damnatum.
603 2141 693 2201 Tunc
719 2137 886 2218 indignata
913 2140 1056 2218 Augusta
1085 2138 1170 2200 misit
1198 2139 1357 2218 jussiones
1386 2139 1426 2201 ad
1455 2137 1635 2201 vttisarium
1666 2136 1831 2218 patricium

205 2260 263 2324 par
290 2243 439 2323 vigilium
469 2244 593 2307 diacon.
622 2245 667 2306 ita
696 2244 893 2307 continentes
909 2261 917 2304 :
933 2245 1011 2307 vide
1040 2245 1162 2326 aliquas
1188 2245 1367 2308 occasiones
1395 2246 1427 2306 in
1458 2244 1625 2308 Silverium
1657 2264 1786 2327 papam,
1801 2249 1833 2307 et

206 2349 331 2430 depone
358 2349 447 2412 illum
477 2351 518 2412 ab
546 2349 742 2432 episcopatu,
771 2355 827 2412 aut
855 2355 940 2413 certe
967 2351 1101 2413 festinus
1127 2351 1303 2413 transmitte
1331 2369 1402 2412 eum
1434 2351 1474 2412 ad
1502 2369 1571 2413 nos.
1602 2353 1681 2413 lices
1708 2351 1754 2412 ibi
1772 2351 1832 2413 ha-

205 2455 261 2518 bes
289 2455 438 2536 vigilium
466 2457 736 2532 archidiaconum,
767 2462 799 2520 at
827 2456 1066 2538 apocrisiarium
1101 2463 1245 2520 nostrum
1273 2457 1505 2531 charissimum,
1538 2457 1593 2537 qui
1618 2457 1710 2518 nobis
1738 2457 1832 2539 polli-

36 2568 40 2572 ’
151 2564 188 2626 2⁰
206 2561 287 2624 citus
314 2566 363 2623 eat
388 2579 536 2626 revocare
562 2562 749 2625 Anthimum
777 2563 1004 2644 patriarcham.
1033 2565 1074 2625 Iit
1100 2569 1176 2626 tnnc
1204 2564 1341 2644 suscepit
1365 2563 1541 2643 jussionem
1580 2563 1744 2626 Vilisarius
1773 2581 1830 2644 pa-

209 2667 331 2743 tricius,
363 2667 469 2731 dicens
486 2686 492 2728 :
510 2671 577 2750 Ego
606 2669 733 2750 quidem
758 2669 934 2750 jussionem
962 2669 1055 2746 facio,
1084 2670 1140 2732 sed
1166 2669 1230 2745 ille,
1259 2669 1314 2750 qui
1340 2670 1471 2732 interest
1497 2670 1530 2730 in
1559 2687 1635 2732 nece
1660 2668 1706 2751 (g)
1736 2669 1831 2732 Silve-

207 2777 247 2839 rii
275 2795 381 2859 papas,
410 2777 477 2859 ipsa
504 2779 661 2842 rationem
689 2779 800 2842 reddet
826 2780 865 2841 de
893 2779 985 2841 iactis
1014 2778 1078 2841 suis
1117 2778 1252 2841 Domino
1288 2786 1394 2841 nostro
1436 2781 1510 2842 lesu
1548 2778 1683 2841 Christo.
1709 2781 1749 2840 lit
1775 2796 1830 2839 ur-

208 2889 301 2965 gente
326 2883 468 2965 jussione
497 2884 642 2948 exierunt
670 2885 797 2966 quidam
828 2885 899 2948 falsi
928 2890 1031 2962 testes,
1048 2869 1118 2966 ”qui
1143 2890 1174 2947 et
1194 2885 1344 2947 dixerunt
1359 2904 1366 2945 ε
1384 2886 1463 2959 Ouia
1491 2905 1548 2948 nos
1577 2884 1682 2947 multis
1710 2882 1830 2946 vicibus

207 2990 249 3071 (ir)
276 2991 455 3053 invenimus
483 2991 648 3054 Silverium
679 3011 795 3073 papam
823 2993 941 3073 scripta
969 2991 1147 3054 mittentem
1176 2993 1216 3054 ad
1246 3011 1353 3073 regem
1377 2993 1575 3055 Gothorum:
1593 2991 1673 3054 Veni
1693 2991 1734 3053 ad
1758 3008 1830 3071 por·

32 3081 37 3116 ⁷
155 3097 192 3158 25
211 3102 290 3173 tam,
320 3117 391 3179 quae
429 3097 608 3180 appellatur
647 3085 802 3175 Asinaria,
841 3099 935 3180 juxta
976 3103 1156 3174 Lateranas,
1187 3106 1219 3162 et
1250 3100 1409 3162 civitatem
1438 3100 1495 3161 tibi
1523 3100 1626 3176 trado,
1657 3103 1690 3161 st
1717 3097 1829 3160 Vilisa-

33 3193 35 3201 ’
209 3204 291 3266 rium
318 3204 497 3285 patricium.
527 3206 616 3278 Ouod
646 3206 777 3269 audiens
805 3206 966 3269 Vilisarius
994 3226 1059 3268 non
1084 3206 1241 3268 credebat.
1271 3207 1397 3270 Sciebat
1438 3205 1523 3268 enim
1552 3206 1637 3286 quod
1663 3224 1720 3286 per
1747 3203 1828 3266 invi-

205 3309 290 3374 diam
320 3311 389 3374 haeo
418 3312 456 3374 de
484 3329 522 3374 eo
551 3313 749 3376 dicebantur.
779 3314 842 3378 Sed
869 3313 945 3375 dum
973 3313 1064 3375 multi
1091 3313 1125 3375 in
1154 3314 1264 3376 eadem
1289 3313 1489 3376 accusatione
1516 3312 1730 3394 persisterent,
1760 3330 1831 3392 per·

205 3415 321 3480 timuit.

245 3533 325 3586 1⁰1
356 3526 445 3587 Tunc
484 3524 558 3588 lecit
599 3525 728 3588 beatum
744 3579 754 3594 .
771 3525 937 3589 Silverium
977 3545 1092 3608 papam
1132 3526 1239 3589 venire
1281 3527 1321 3588 ad
1346 3545 1379 3588 se
1402 3527 1435 3587 in
1464 3525 1617 3607 palatium
1651 3524 1754 3587 Pincia
1782 3523 1829 3605 (r).

204 3629 242 3693 nt
266 3631 307 3693 ad
346 3631 484 3712 primum
516 3637 547 3694 et
576 3631 750 3695 secundum
779 3632 884 3694 valum
922 3632 1053 3696 retinuit
1088 3651 1214 3695 omnem
1252 3634 1383 3696 clerum.
1414 3635 1482 3706 Quo
1510 3633 1652 3712 ingresso
1679 3630 1832 3694 Silverius

204 3756 274 3800 oum
303 3738 417 3816 vigilio
445 3739 504 3802 soli
531 3739 563 3800 in
591 3739 744 3818 Mausole.
774 3740 934 3802 Antonine
967 3740 1100 3822 patricia
1124 3739 1254 3821 jacebat
1280 3741 1312 3802 in
1341 3741 1434 3815 lecto,
1464 3745 1495 3801 et
1522 3739 1685 3802 Vilisarius
1711 3739 1750 3821 (j)
1782 3756 1831 3800 se-

204 3845 297 3908 debat
323 3846 363 3908 ad
393 3846 488 3926 pedes
513 3845 592 3924 ejus.
623 3848 662 3908 Et
689 3847 766 3909 dum
790 3865 863 3908 eum
901 3846 1029 3909 vidisset
1071 3848 1233 3910 Antonine
1273 3848 1417 3928 patricia,
1447 3846 1527 3908 dixit
1555 3847 1595 3908 ad
1621 3865 1698 3908 eum
1723 3864 1731 3907 ε
1760 3844 1827 3918 Dic,

168 3949 331 4014 adominc
359 3951 471 4016 Siiveri
500 3971 594 4034 papa,
625 3952 701 4034 quid
741 3953 873 4016 fecimus
907 3953 965 4015 tibi
992 3960 1024 4016 ct
1052 3955 1214 4029 Romanis,
1245 3961 1280 4015 ut
1308 3959 1342 4015 tu
1371 3954 1449 4016 velis
1476 3973 1533 4017 nos
1561 3954 1595 4015 in
1623 3971 1736 4015 manus
1765 3955 1827 4015 Go-

206 4050 332 4119 thorum
360 4058 508 4121 tradere?
534 4059 646 4128 Adhuc
672 4079 710 4123 eo
738 4061 888 4142 loquente
912 4060 1072 4140 ingressus
1103 4062 1241 4124 loannes
1284 4060 1496 4122 subdiaconus
1538 4059 1737 4140 regionarius
1764 4059 1830 4139 pri·

206 4183 264 4226 mre
291 4163 440 4245 regionis,
471 4165 543 4227 tulit
573 4165 704 4246 pallium
730 4166 768 4228 de
798 4167 879 4230 collo
906 4166 985 4246 ejus,
1017 4172 1049 4228 et
1075 4167 1166 4228 duxit
1191 4168 1225 4229 in
1253 4167 1445 4229 cubiculum.
1475 4170 1514 4228 Et
1541 4166 1721 4246 exspolians
1743 4183 1828 4238 eum,

206 4270 306 4332 induit
334 4289 407 4334 eum
436 4278 522 4360 veste
549 4272 736 4334 monachica
765 4272 817 4354 (ir),
850 4278 881 4334 et
910 4271 1076 4335 abscondit
1104 4291 1188 4334 eum.
1218 4275 1306 4334 'lunc
1335 4273 1452 4334 Sixtus.
1479 4272 1691 4333 subdiaconus
1723 4270 1828 4350 ragio-

206 4377 311 4440 narius
339 4376 481 4458 regionis,
505 4382 612 4452 sextae,
641 4377 753 4439 videns
780 4397 852 4440 eum
878 4377 948 4457 jam
977 4378 1181 4452 monachum,
1209 4365 1353 4458 egressus
1381 4381 1477 4452 sores,
1508 4377 1667 4439 nuntiavit
1695 4377 1735 4438 ad
1763 4376 1827 4438 cle-

153 4481 188 4544 10
205 4502 283 4558 rum,
315 4483 423 4546 dicans
450 4501 458 4545 ι
488 4485 568 4559 Ouia
594 4485 731 4548 domnus
765 4503 850 4566 papa
887 4483 1048 4567 depositus
1075 4491 1134 4561 est,
1165 4491 1196 4548 et
1223 4487 1325 4576 iactus
1352 4490 1399 4546 ast
1429 4484 1614 4546 monachus.
1645 4483 1705 4556 Qui
1733 4482 1829 4546 etiam

206 4591 368 4654 audientes
394 4591 545 4672 sugerunt
571 4609 691 4667 omnes,
722 4611 816 4673 quem
845 4593 982 4674 suscepit
1005 4593 1141 4672 lligilius
1170 4592 1411 4656 archidiaconus
1438 4592 1471 4653 in
1498 4610 1555 4653 sua
1582 4591 1673 4672 quasi
1701 4591 1776 4666 fide,
1798 4596 1830 4652 ct

206 4699 288 4760 misit
315 4715 388 4760 eum
416 4697 449 4759 in
477 4697 623 4760 exsilium
651 4697 683 4758 in
708 4699 837 4762 Pontias
866 4699 912 4780 (l).
941 4701 979 4762 lit
1008 4700 1195 4762 sustentavit
1221 4718 1292 4761 eum
1322 4718 1404 4780 pane
1442 4697 1656 4760 tribulationis
1684 4702 1715 4759 et
1744 4716 1828 4778 aqua

206 4805 360 4886 augustiae
386 4803 449 4887 (m).
473 4805 532 4878 Oui
557 4803 716 4880 delicians,
747 4811 889 4868 mortuus
917 4811 977 4881 est,
1002 4811 1034 4868 et
1061 4807 1222 4869 consessor
1251 4806 1354 4868 iactus
1382 4812 1441 4868 est.
1471 4807 1530 4879 Qui
1560 4810 1592 4868 et
1616 4803 1757 4886 sepultus
1784 4809 1832 4866 est

206 4911 375 4975 incedam
403 4912 473 4975 loco
500 4927 544 4974 xn
569 4911 726 4974 Kalendas
753 4911 840 4975 Julii.
870 4912 981 4993 Ibique
1009 4914 1147 4977 occurrit
1176 4913 1344 4975 multitudo
1373 4913 1455 4975 male
1484 4912 1681 4986 habentium,
1707 4917 1739 4975 et
1766 4911 1830 4974 sal-

156 5019 189 5080 ts
209 5025 332 5082 vantur.
364 5019 422 5082 liic
449 5019 524 5082 lecit
552 5018 784 5082 ordinationem
813 5037 910 5080 unam
940 5037 996 5100 per
1022 5039 1162 5082 mensem
1186 5020 1378 5093 Decembris,
1405 5019 1695 5101 presbyteros*tt,
1712 5019 1830 5100 episco

208 5145 262 5209 pos
288 5145 347 5208 per
374 5125 499 5188 diversa
524 5126 595 5189 loca
621 5146 710 5188 num.
735 5129 784 5202 19,
802 5131 833 5188 et
860 5123 992 5189 cessavit
1021 5128 1222 5208 episcopatus
1251 5127 1344 5188 dies*
1370 5127 1522 5207 quinque.

717 5374 842 5423 NOTULAE
862 5372 1056 5422 alumnatus
1077 5373 1237 5422 ernanum.

169 5575 254 5658 itcrat
267 5580 303 5636 de
316 5579 447 5652 quadam
463 5595 497 5635 ex
509 5577 621 5636 iamllia
636 5578 769 5638 Ecclesiae
786 5599 844 5637 suae
860 5581 915 5638 hoc
930 5580 1039 5636 retulit.
1061 5579 1277 5652 (h)·lrahitavit.
1298 5579 1386 5651 (c)·in
1403 5578 1510 5651 palatio
1525 5573 1673 5658 l‘inciano.
1688 5571 1829 5655 (d)*v11d.

141 5641 209 5702 ΜΝ·
227 5649 261 5720 (⁶)
274 5651 337 5706 Vide
351 5651 453 5708 Barors.
469 5649 504 5706 ud
518 5667 584 5708 ann.
600 5653 663 5708 538.
684 5655 720 5724 (t)
736 5653 765 5722 6,
782 5653 912 5710 adducit.
934 5655 971 5723 (p)
986 5657 1019 5718 Β,
1034 5651 1232 5708 interceditis
1248 5667 1359 5708 necem.
1381 5651 1419 5722 (b)
1435 5653 1445 5674 '
1462 5663 1578 5720 saepius.
1601 5644 1633 5714 (ι)
1646 5643 1828 5714 B‚1nPrncrs

141 5717 177 5773 tel
189 5717 284 5777 Pincii.
305 5721 339 5794 θ’)
355 5725 366 5748 ·
382 5721 540 5779 belisarius
556 5723 706 5796 patricius.
727 5719 766 5795 (t)
781 5728 791 5750 ’
808 5724 979 5782 monastica.
1000 5724 1032 5794 (t)
1049 5726 1082 5788 0,
1098 5723 1134 5780 ad
1151 5721 1317 5778 Pontianus.
1338 5723 1387 5790 (m)
1405 5719 1467 5776 Vide
1482 5723 1583 5773 Boron.
1600 5715 1635 5770 od
1647 5731 1713 5771 ona.
1728 5715 1791 5770 538.
