4098 6186
167 162 240 229 ,07
754 153 959 216 iussisse
982 147 1308 214 uieiioriisoinii.
1771 205 1787 224 .
1827 140 1892 207 ⁴68

161 336 167 346 -
181 293 499 366 deliberare,qucmodo
508 287 824 374 synodusoecnmenica
833 287 1003 358 congregari
1017 293 1044 356 Α
1059 277 1258 366 Chryeostomi
1274 297 1393 364 causam
1404 280 1494 361 etiam
1505 284 1573 362 post
1587 280 1653 362 ejiis
1663 278 1893 364 obitumduati·

181 368 274 440 possit
295 383 346 438 per
370 379 460 435 quam
478 360 575 418 divina
594 361 741 417 volunt-ate
769 357 930 415 turbulenti
953 358 1002 412 isti
1058 361 1312 426 tiuiiicnimqnam
1321 356 1423 409 viventi
1434 353 1637 433 administrari
1646 350 1893 423 plenaiaoincon·

180 413 284 496 motus'
295 433 439 507 consopiri
456 433 605 506 possint.»
1057 427 1123 482 cilio
1139 445 1195 481 non
1212 425 1344 497 permisit
1363 440 1443 479 mors
1463 423 1586 478 loannis
1606 421 1777 491 accelerata,
1789 413 1891 496 palam

216 510 325 563 Revera
339 505 468 577 pontifex
482 505 518 560 ad
544 503 703 559 Honorium
729 502 785 556 scri
809 500 855 568 sit,
867 504 895 555 et
911 499 1001 570 impe·
1058 499 1121 568 ejus
1139 497 1288 552 memoriae
1300 495 1432 578 praestari
1443 493 1603 551 innocentii
1616 494 1781 550 constantia
1791 493 1890 553 evicit.

179 578 275 644 travit,
293 581 326 632 ut
340 577 529 632 mandaretur
550 574 695 647 episcopis
712 519 957 636 Occilentalibus,
972 575 1004 624 ut
1059 570 1111 624 Pro
1122 569 1247 624 statione
1261 583 1338 623 enim
1353 583 1406 622 sua
1416 566 1460 621 vir
1472 565 1652 638 apostolicus
1662 567 1893 648 strenuedecer-

179 649 216 706 od
231 649 375 722 synodum
391 647 587 704 convenirent.
603 644 764 702 Concilium
779 643 809 698 in
827 642 910 698 ltalia
924 641 1004 696 hobi·
1060 645 1139 710 tans,
1152 639 1223 694 nulli
1241 637 1431 694 Orientalium
1447 653 1478 694 se
1488 635 1890 706 communicaturamedixit,

179 725 271 789 tum,«
279 719 450 792 congregati
461 718 547 774 ltalia
556 717 684 790 episcopi
695 717 898 787 imperatorem
908 717 1001 781 orant,
1060 713 1109 783 qui
1135 717 1235 766 contra
1250 709 1490 782 Clirysostomum
1505 712 1660 777 certarent,
1677 708 1734 765 nisi
1757 722 1892 790 wame-

179 795 213 848 ut
226 791 366 848 scriberet
378 789 500 846 Arcadio
515 788 597 845 sratri
613 806 677 852 sno,
694 791 727 842 ut
742 788 860 858 juberet
874 785 1001 840 Thessa·
1058 784 1124 838 nica
1138 782 1166 837 in
1178 782 1288 853 synodo
1304 781 1422 853 putrida
1436 781 1569 836 membra
1579 797 1680 836 eorum
1693 781 1744 852 qui
1755 785 1890 854 istages-

177 861 278 918 lonicae
293 860 533 928 conciliumfieri‚
546 877 604 932 quo
616 857 730 915 l'acilius
742 861 859 930 possent
874 863 1003 927 utraeque
1058 871 1131 917 sere,
1146 858 1356 909 curarentur«
1371 853 1421 908 Est
1444 856 1542 933 autem
1558 851 1621 908 hiae
1635 851 1689 925 (eit
1713 850 1887 934 Ralladiue),

179 937 276 1008 partes
286 933 413 990 Orientis
424 937 453 988 ct
462 932 626 988 Occidentis
636 945 817 987 concurrere.
833 928 880 982 ilis
891 927 1004 982 iollam·
1059 923 1193 979 Ecclesiae
1206 925 1342 979 ltonianc
1356 927 1509 991 sententia,
1518 940 1576 978 non
1587 938 1805 980 communicare
1815 939 1846 978 in
1857 923 1892 978 fl-

179 1009 276 1062 matus
290 1004 449 1077 imperator
463 1003 598 1076 episcopo
610 1002 728 1074 quidem
743 1001 873 1056 itomano
889 997 1001 1065 scribit,
1058 1014 1125 1051 nem
1136 994 1890 1077 usqueOrientalibusepiseopismaximeque‘lhec·

179 1081 212 1132 ut
226 1077 325 1132 mittat
339 1075 490 1147 episcopos
506 1075 645 1147 quinquo,
662 1074 845 1145 presbyteros
857 1071 930 1125 duos
947 1071 1003 1124 lto-
1056 1067 1148 1192 philo,
1168 1069 1259 1122 donec
1284 1066 1427 1122 Dominus
1450 1065 1623 1147 universalis
1646 1065 1749 1138 synodi
1774 1065 1890 1150 tribuat

179 1163 272 1204 maure
287 1146 432 1212 Ecclesiae,
445 1147 601 1202 diaconum
616 1144 777 1215 uuum,qui
791 1142 886 1214 ipsius
897 1141 932 1196 ad
950 1144 1003 1196 t'ra-
1068 1155 1164 1203 ocum,
1178 1155 1211 1193 ac
1227 1155 1278 1210 per
1290 1154 1354 1192 eain
1370 1141 1452 1192 curet
1466 1137 1584 1208 putrida
1599 1137 1732 1193 membra
1746 1153 1811 1210 quis
1825 1141 1888 1200 ista

179 1223 253 1274 trem
267 1217 408 1290 epistolas
424 1219 559 1274 seirent.»
572 1216 759 1272 innocentius
777 1214 832 1269 hnc
858 1213 1003 1284 logattone
1057 1213 1221 1282 gesserunt.
1233 1231 1247 1258 »
1260 1210 1379 1284 Frustra
1403 1207 1482 1263 enini
1499 1207 1597 1264 Patres
1623 1208 1752 1264 Africani
1769 1207 1890 1264 concilii

178 1289 320 1346 adornata
330 1305 463 1344 unacum
474 1288 578 1344 litteris
587 1286 705 1343 Houorii
716 1286 752 1342 ad
760 1285 916 1340 Arcadium
927 1299 1004 1340 coin·
1058 1299 1109 1353 pru
1125 1279 1322 1336 Orientalibus
1336 1278 1563 1360 intercedebant.
1575 1279 1674 1351 Neque
1684 1279 1889 1348 innocentius,

179 1359 369 1417 monitorium
384 1357 518 1432 adjunxit
537 1357 766 1415 Occidentalinm
787 1356 1001 1429 episcoporum,
1057 1369 1151 1424 neque
1160 1349 1475 1408 ullusOccidentalium
1483 1367 1688 1423 cpiscoporum
1697 1349 1830 1408 animam
1841 1351 1892 1408 in·

68 1479 73 1490 .
178 1448 236 1503 quo
252 1431 449 1488 mandabatur
467 1435 501 1486 ut
523 1431 651 1486 loannes
666 1431 821 1501 episcopus
836 1444 894 1482 non
918 1431 1003 1482 antea
1056 1421 1620 1506 duxitadcouoordismineundamcum
1629 1422 1776 1550 &decepis

174 1501 287 1572 judicic
303 1517 334 1557 se
349 1499 473 1568 sisteret,
488 1500 559 1574 quin
575 1501 657 1572 prius
673 1501 702 1555 iii
719 1503 836 1571 propria
850 1499 918 1554 sede
933 1513 1001 1553 con·
1056 1499 1088 1562 ti,
1103 1499 1130 1551 et
1145 1495 1280 1563 Orientis,
1297 1498 1327 1550 et
1351 1494 1502 1566 Bosphori,
1518 1497 1606 1576 atque
1677 1506 1771 1563 caere,
1788 1508 1888 1576 neque

177 1569 326 1627 stabilitus
338 1573 419 1639 leret,
430 1577 458 1627 ct
468 1571 668 1627 communioni
678 1587 746 1626 cum
757 1569 894 1626 omnibus
905 1568 1002 1625 Orion·
1057 1583 1124 1622 cum
1134 1565 1306 1622 Antiocheni
1317 1564 1542 1638 patriarchatus,
1554 1581 1729 1638 priusquam
1739 1566 1770 1622 in
1785 1567 1888 1639 dipty-

177 1641 286 1698 tolibus
296 1641 460 1698 restitutus.
473 1665 486 1692 a
498 1645 622 1716 Accepto
633 1641 855 1698 commonitorio
866 1641 1040 1730 Oeniden-B
1057 1638 1127 1694 chae
1141 1636 1354 1694 ecclesiasticas
1374 1654 1480 1694 nomen
1495 1636 1695 1711 Chrysostomi
1719 1653 1778 1694 non
1800 1642 1888 1720 retii-

176 1711 216 1770 tis
231 1713 346 1770 concilii
360 1713 463 1782 (totius
474 1713 638 1770 Occidentis
650 1713 863 1780 oitPuttodius).
876 1712 944 1768 Erat
953 1728 1002 1766 au·
1056 1709 1170 1772 iissent,
1184 1709 1213 1764 in
1224 1726 1297 1782 quas
1307 1709 1343 1764 do
1354 1726 1433 1765 more
1444 1709 1648 1790 episcoporum
1657 1708 1688 1764 in
1699 1721 1888 1767 communio·

176 1787 236 1840 tem
245 1783 503 1840 commonitorium
514 1783 770 1855 hujusmodi:Non
779 1783 1002 1855 oporteredoan·
1056 1799 1091 1838 ne
1107 1780 1240 1837 Ecclesia
1255 1781 1457 1836 decedentium
1472 1797 1593 1837 nomina
1606 1779 1818 1838 reserebantur.

177 1870 243 1910 nem
255 1852 403 1926 Judicium
419 1854 543 1928 ingredi,
555 1856 611 1910 nisi
629 1854 671 1910 illi
688 1854 769 1926 prius
784 1853 906 1910 ccclesia
921 1871 1001 1909 coin-
1090 1852 1251 1908 Alexander
1265 1851 1463 1908 antiochenus
1478 1852 1600 1908 antistes
1616 1851 1731 1925 primus
1746 1851 1884 1910 omnium

169 1925 336 1996 ¹inunioque
351 1925 532 1996 redderetur,
543 1931 575 1981 ut
590 1928 671 1981 omni
686 1925 835 1982 dilationis
850 1925 1001 1981 occasione
1056 1923 1233 1980 exsecutioni
1244 1923 1885 1996 mandavithancsedisRemanaJussionem

169 1993 294 2051 sublata
309 2011 363 2052 sua
377 2001 482 2068 sponte
496 1996 653 2052 concilium
668 1996 782 2069 ingredi
797 2001 905 2068 posset.
919 2018 933 2045 a
1055 1995 1246 2060 (Tlieodoreto
1261 1999 1417 2051 attestante
1436 1993 1488 2051 lib.
1503 1996 1531 2061 5,
1543 2012 1567 2051 c.
1580 1996 1635 2064 35).
1647 1993 1722 2051 Cum
1735 1995 1814 2052 enim
1829 1995 1886 2053 de-

212 2067 398 2124 Recentiores
408 2067 541 2122 nonnulli
552 2083 650 2124 vocem
663 2066 748 2122 illum
760 2068 1001 2124 Cmnnmnitorium
1055 2066 1155 2121 functo
1169 2065 1336 2138 Porphyrio,
1348 2066 1400 2138 qui
1413 2066 1508 2122 luerat
1517 2067 1722 2150 Chryscstomo
1735 2066 1884 2136 infensus,

176 2137 303 2193 reddunt
318 2137 534 2194 lnctmrctioncm.
548 2141 609 2204 Ouo
625 2155 723 2194 revera
738 2155 827 2194 sensu
843 2138 935 2210 accipi
951 2155 1001 2193 so·
1055 2137 1163 2192 electus
1175 2137 1279 2193 luisset
1291 2153 1453 2205 successor,
1461 2137 1614 2194 confestim
1626 2137 1768 2194 adornata
1781 2138 1817 2194 ad
1833 2143 1885 2194 in·

176 2205 215 2264 lct
232 2223 264 2263 ac
275 2207 360 2264 debat
374 2208 404 2264 in
415 2209 593 2280 quibusdum
607 2210 739 2276 casibus;
752 2210 1000 2282 quemadmodum
1056 2208 1221 2263 nocentium
1231 2206 1375 2280 legatione
1383 2209 1443 2264 ita«
1451 2207 1719 2281 paeempostulavit
1727 2213 1755 2265 et
1762 2208 1884 2278 meruit,

175 2277 320 2351 accipitur
334 2280 405 2336 dum
421 2281 487 2352 quis
510 2280 626 2353 ablegat
651 2279 789 2354 aliquem,
803 2285 831 2335 ct
854 2280 1000 2335 memoriae
1055 2279 1096 2333 ait
1111 2279 1295 2336 Innocentius
1309 2283 1335 2350 (e
1358 2280 1406 2336 ist.
1421 2282 1473 2335 llll
1485 2281 1521 2336 ad
1536 2280 1642 2344 Bonis.)
1657 2285 1690 2336 ut
1704 2281 1886 2353 Evagriaaos

176 2366 267 2406 causa
281 2349 454 2408 methodum
469 2368 568 2408 rerum
588 2352 767 2424 agendarum
784 2351 825 2406 illi
841 2351 1000 2422 descripto
1055 2350 1118 2404 suis
1129 2351 1282 2406 ordinibus
1290 2367 1324 2406 ac
1334 2297 1406 2408 lhcis
1416 2351 1589 2408 intemerata
1597 2351 1780 2408 ordinatione
1790 2368 1884 2424 quam

176 2420 277 2488 tradit,
287 2437 323 2478 ne
333 2422 539 2480 mandatorum
550 2422 746 2478 obliviscatur.
756 2423 807 2478 llic
819 2427 916 2478 tamen
928 2423 1001 2478 Com·
1055 2426 1226 2494 acceperant
1237 2439 1254 2478 a
1264 2426 1424 2478 memorato
1434 2422 1567 2496 (Evagrio
1583 2422 1733 2496 Porphyrii
1746 2423 1884 2480 decesso-

170 2492 351 2548 monitoriam
365 2499 450 2549 sonat
470 2494 549 2550 idem
565 2511 598 2549 ac
614 2495 699 2564 lcpcm
718 2512 735 2550 a
754 2495 913 2550 mandante
928 2511 999 2567 pree·
1054 2510 1095 2560 re,
1104 2499 1132 2548 et
1142 2492 1405 2566 prcChrysostomo
1414 2497 1522 2562 stante)
1532 2493 1694 2567 susciperet
1695 2533 1750 2550 .....
1760 2492 1886 2550 Promit-

175 2562 317 2636 scriptam
338 2569 370 2620 ut
384 2565 561 2622 exsecutioni
585 2567 741 2623 mandetur
763 2571 906 2638 tauquam
930 2565 1000 2638 quid
1054 2563 1466 2637 tensipsiuscivitatisepisco
1489 2565 1886 2622 uslratermausAlexander

174 2632 343 2691 consultum
354 2651 388 2692 ac
399 2635 592 2694 deliberatum
603 2637 639 2693 ab
649 2636 699 2694 illo
708 2637 759 2712 qui
770 2641 943 2710 potestatem
955 2637 1002 2692 de·
1055 2652 1161 2691 nomen
1168 2635 1297 2718 episcopi
1306 2636 1458 2692 memorati
1466 2583 1885 2709 Oceanisbntesquieacentea

174 2705 313 2762 cernendi
328 2723 361 2763 ao
373 2707 499 2778 jubendi
512 2707 611 2778 habet,
622 2725 681 2791 quo
696 2725 785 2765 sensu
810 2709 846 2764 ab
871 2707 1000 2763 auctori·
1054 2707 1472 2780 episcopoerecitaturumCui
1483 2708 1525 2764 rei
1533 2723 1586 2764 nos
1597 2707 1712 2774 navens
1721 2706 1884 2766 tradidisse

174 2776 232 2834 bus
267 2776 357 2834 assim
368 2778 519 2852 accipitur.
533 2780 624 2837 Casiis
634 2784 689 2836 istc
700 2780 851 2854 speciatim
867 2779 1001 2836 citatura
1054 2779 1274 2846 manus,lrater
1291 2777 1578 2848 charissime,eteos
1599 2777 1630 2834 in
1654 2778 1885 2836 nostraviscera

174 2846 218 2904 Dii
256 2865 330 2922 auge
344 2850 375 2906 in
391 2850 494 2907 benico
511 2850 587 2909 inter
600 2850 700 2924 plures
711 2852 843 2924 ejusdem
857 2851 1001 2925 significa·
1054 2850 1216 2922 recepisse:
1230 2849 1327 2906 nediu
1340 2850 1482 2916 membra,
1510 2867 1553 2906 ue
1564 2849 1759 2922 requisierant
1770 2849 1883 2908 sanita·

175 2919 276 2976 tionis.
1054 2925 1123 2988 tem,
1136 2921 1172 2977 ab
1189 2920 1301 2977 unitate
1316 2921 1445 2995 corporis
1460 2921 1499 2978 ha
1519 2924 1639 2980 crentur
1652 2919 1757 2978 aliena.
1768 2943 1783 2973 »

209 2989 268 3046 Hoc
305 2988 480 3048 reliminarc
490 2991 639 3063 judicium
649 2992 859 3050 manifestaest
869 3010 998 3065 compro·
1090 2992 1198 3048 Eodem
1223 2991 1383 3050 Alexandro
1399 2993 1605 3060 intercedente,
1615 2993 1739 3049 Aeacius
1762 3007 1884 3075 quoque

174 3058 254 3142 batia
268 3005 349 3141 illius
359 3061 682 3134 J'urisdictionis‚quam
693 3063 887 3120 Occidentalis
901 3063 997 3119 Eccle-
1014 3033 1034 3100 G
1055 3063 1243 3120 lierrhoensis
1257 3065 1379 3121 antistes
1390 3081 1423 3120 ea
1436 3063 1461 3120 le
1483 3065 1546 3120 aad
1556 3067 1685 3136 optatam
1697 3079 1884 3120 communio-

173 3146 219 3186 sia
232 3129 344 3186 obtinet
367 3147 402 3187 su
426 3149 457 3188 ra
475 3131 661 3190 Orientalem.
674 3139 730 3190 Cur
744 3137 841 3190 autem
858 3135 998 3190 Occiden-
1054 3151 1120 3190 nem
1136 3135 1302 3191 decernitur
1315 3080 1524 3205 admittenilus,
1537 3135 1562 3192 si
1576 3133 1732 3192 Alexandri
1746 3133 1884 3207 exempla

173 3199 241 3258 talis
256 3199 298 3256 ita
313 3148 462 3284 prepollet
476 3202 626 3274 Orientali,
641 3203 697 3260 nisi
714 3206 783 3278 quia
798 3207 927 3279 pontifex
942 3207 997 3261 Ro·
1053 3209 1201 3262 secutus«
1219 3223 1321 3262 omnes
1334 3205 1515 3277 inimicitias,
1527 3223 1644 3264 emnem
1660 3205 1883 3263 emulationem

172 3287 291 3342 manus,
302 3288 353 3344 qni
368 3273 484 3346 utrique
499 3281 613 3347 praeest,
625 3277 724 3333 sedem
740 3293 825 3333 auam
840 3277 954 3334 obtinet
967 3275 997 3332 in
1052 3280 1112 3332 tam
1121 3279 1156 3333 de
1167 3277 1284 3333 nomine
1294 3277 1322 3333 S.
1330 3277 1451 3334 Joannis
1462 3277 1588 3334 mirandi
1598 3277 1832 3360 episcopi‚quam
1841 3277 1883 3335 de

174 3343 350 3400 Occidente?
1052 3348 1190 3404 omnibus
1201 3349 1333 3419 ejusdcm
1344 3349 1559 3406 communionis
1575 3349 1768 3422 participibus
1778 3349 1884 3407 desua

207 3414 371 3471 Adversarii
382 3415 505 3472 loannis
519 3418 656 3475 certiores
669 3419 737 3475 iacti
748 3421 784 3476 de
799 3418 953 3492 legatione,
966 3422 998 3474 nt
1052 3419 1238 3476 animositate
1249 3417 1335 3492 longe
1345 3421 1660 3493 abigat‚etc.,etomnia
1671 3437 1735 3494 quae
1743 3419 1791 3477 his
1802 3421 1882 3480 actia

172 3486 615 3560 eamfrustrarentur.legatisin
625 3489 995 3558 itinereinsidiasstruunt,
1051 3492 1168 3546 firmata
1179 3495 1258 3559 sunt,
1270 3492 1348 3562 apud
1364 3492 1555 3548 mediatorem
1571 3495 1706 3548 nostrum
1721 3491 1882 3548 amabilem

174 3572 281 3628 eosque
296 3557 413 3630 injuriis
434 3560 553 3616 allectos
576 3577 607 3616 rc
631 3561 737 3617 inlecta
761 3562 855 3618 redire
878 3567 995 3636 cogunt,
1051 3561 1260 3628 Alexandrum,
1272 3579 1320 3618 ore
1341 3562 1506 3644 propriant
1527 3562 1792 3620 communicantem
1806 3579 1882 3620 con·

172 3627 303 3698 abreptis
317 3629 457 3685 violenter
471 3629 575 3686 litteris
590 3648 663 3702 quas
679 3634 856 3688 deserebant.
1051 3632 1138 3701 venit,
1154 3634 1283 3700 fatearis,
1297 3655 1310 3684 n
1323 3640 1364 3689 ait
1379 3635 1476 3690 liinoc.
1488 3636 1551 3706 (Ep.
1564 3636 1607 3700 19,
1622 3634 1659 3690 ad
1673 3636 1770 3704 Aeac.)

135 3749 141 3758 .
209 3697 267 3754 Chr
287 3701 481 3756 sostomusab
492 3701 593 3758 exsilio
608 3702 824 3777 suohecgesta
835 3704 996 3776 percipiens
1085 3705 1208 3760 Aeacius
1223 3705 1291 3760 huic
1307 3704 1363 3778 legi
1379 3705 1475 3761 obtem
1498 3722 1583 3762 erans
1599 3722 1657 3762 non
1673 3705 1760 3762 mede
1777 3719 1881 3778 presa

174 3716 335 3853 secunlam
350 3770 502 3855 epistolam
520 3773 599 3855 dedit
613 3776 649 3830 ad
666 3775 866 3856 Innocentium
881 3791 911 3831 :a
930 3775 996 3829 Per·
1051 3780 1225 3831 consecutus
1238 3779 1282 3832 est
1292 3777 1416 3857 gratiam
1428 3776 1464 3832 ab
1477 3722 1714 3845 lnuoceutio,sed
1724 3776 1813 3833 etiam
1823 3791 1881 3849 pro

174 3845 287 3913 petuas,
299 3846 405 3913 inquit,
416 3848 526 3916 gratias
537 3861 652 3917 agimus
661 3847 743 3901 vobis
775 3847 831 3901 uod
843 3851 996 3918 paternam
1049 3847 1144 3902 Attico
1153 3847 1471 3919 Constantinopolitano
1482 3847 1814 3914 laboravit,eumdemad
1825 3863 1882 3920 pa·

173 3927 243 3994 erga
257 3928 311 3968 nos
327 3913 554 3971 benevolentiam
571 3915 751 3973 declarastis.
790 3935 837 3972 ain
852 3921 996 3988 quantum
1051 3919 1176 3973 rendum
1199 3919 1327 3974 suadens
1352 3918 1510 3990 apostolico
1535 3920 1659 3975 decreto.
1676 3919 1729 3976 Pro
1743 3917 1882 4001 ejusdem

174 3999 204 4038 iii
219 3987 316 4040 vestra
330 3983 436 4056 pietate
448 3985 537 4042 situm
549 3987 612 4056 luit,
622 3989 686 4060 jam
701 4005 747 4045 res
762 4005 864 4045 omnes
879 3988 995 4054 sedata,
1051 3989 1216 4071 receptione
1231 3989 1388 4060 scripserat
1406 3990 1494 4046 etiam
1509 4006 1525 4045 e
1540 3989 1709 4046 Macedonia
1724 4005 1884 4063 episcopus

173 4057 203 4110 et
217 4055 377 4110 emendate
397 4060 426 4112 et
447 4056 562 4114 sublata
577 4059 676 4114 omnia
700 4059 839 4116 scandala
860 4059 995 4128 luissent,
1052 4059 1248 4115 ltlaximianus
1267 4077 1273 4114 :
1291 4061 1337 4115 eui
1353 4061 1394 4117 ita
1414 4060 1565 4133 respondit
1584 4061 1772 4117 Innocentius
1786 4063 1882 4132 (epist.

173 4124 371 4198 gauderetque
386 4126 516 4184 Ecclesia
529 4129 686 4203 tranquilla
700 4135 730 4186 et
745 4131 859 4188 sincera
873 4147 953 4204 paco,
969 4133 998 4186 et
1051 4131 1481 4204 166):«Cummuniosuspensa
1492 4131 1883 4190 restituiturdemonstraati

174 4196 996 4294 esseutplanesecundacmnia,nequecontemptceleges,
1053 4219 1167 4271 causas,
1181 4203 1288 4286 quibus
1303 4203 1333 4258 id
1355 4203 1509 4274 acciderat,
1521 4203 1584 4275 jam
1608 4219 1673 4261 esse
1692 4204 1833 4272 detersas,
1849 4207 1883 4260 et

174 4284 268 4341 neque
283 4268 396 4326 violate
412 4271 530 4329 Petrum
546 4273 770 4331 constitutiones
784 4275 909 4331 serent«
924 4275 997 4328 bon·
1053 4275 1198 4346 profitenti
1206 4274 1386 4332 conditiones
1397 4274 1733 4348 pacisimpletas.Fidem
1740 4274 1881 4345 iacimus,

173 4339 297 4396 vertitur
309 4341 414 4399 deinde
428 4344 464 4400 ad
480 4344 654 4416 precandam
665 4363 717 4418 pro
728 4345 863 4402 hostibus
874 4343 998 4418 propriis
1053 4351 1081 4401 et
1090 4361 1195 4418 magno
1203 4345 1320 4400 tramite
1331 4347 1468 4403 omnibus
1477 4345 1884 4420 eamdemlpaeem)pcstula-

174 4409 360 4469 clementiam
374 4413 526 4486 piissimus
539 4415 631 4480 exsul,
644 4433 679 4470 ne
695 4421 884 4489 segregentur
894 4433 911 4470 a
923 4420 999 4469 caetu
1014 4403 1037 4468 b
1052 4416 1127 4471 turis
1142 4416 1336 4484 ostendimus,
1349 4417 1373 4473 si
1387 4419 1548 4491 modoque
1564 4417 1698 4475 discussa
1709 4421 1780 4475 sunt
1789 4423 1883 4490 atque

175 4480 321 4549 fidelium,
333 4499 368 4538 ea
378 4483 488 4540 scilicet
498 4489 744 4556 cansapermotns
754 4503 812 4566 qua
823 4484 999 4558 praevidebat
1054 4485 1197 4557 completa
1207 4486 1294 4542 etiam
1305 4487 1362 4560 ipsi
1372 4506 1403 4545 se
1419 4507 1470 4562 pro
1486 4506 1539 4547 suo
1554 4488 1617 4547 loco
1628 4488 1789 4556 lecisse,vel
1798 4505 1883 4546 com·

175 4548 337 4621 plurimum
352 4552 473 4623 periculi
497 4554 636 4610 omnibus
660 4553 796 4610 Ecclesiis
810 4555 877 4611 inde
896 4571 997 4611 conse·
1053 4557 1147 4629 plesse
1157 4556 1313 4628 aliquando
1324 4561 1560 4630 monstraverint,
1568 4561 1880 4633 communionemque,

175 4622 405 4704 autumpnum
422 4622 574 4679 universas
591 4624 680 4679 terme
694 4625 774 4680 orbis
788 4625 818 4680 in
830 4630 930 4708 partes
947 4627 998 4682 ad·
1053 4633 1086 4684 ut
1101 4628 1149 4683 isti
1166 4628 1360 4700 (Antiocheni)
1375 4629 1519 4705 legatione
1540 4631 1711 4690 solemniter
1732 4631 1883 4689 destinata

173 4705 274 4745 versas
284 4691 471 4774 divideretur.
483 4715 497 4743 «
509 4693 551 4775 Ne
563 4693 742 4766 affligantur,
756 4696 861 4767 inquit,
874 4713 967 4769 neque
983 4715 998 4754 e
1053 4700 1108 4755 sibi
1125 4700 1289 4772 rogaverint
1304 4701 1444 4759 adbiberi.
1459 4704 1668 4776 Exspectamus
1683 4717 1752 4777 ergo
1767 4705 1796 4760 at
1810 4717 1881 4774 pro-

176 4764 252 4842 coetii
269 4761 457 4831 obiiciantur,
472 4765 656 4820 considerata
675 4765 748 4822 tanti
768 4769 864 4839 operis
883 4769 997 4842 magni·
1052 4770 1209 4826 sessionem
1224 4773 1376 4828 memorati
1392 4775 1427 4830 de
1448 4775 1601 4848 completis
1616 4773 1755 4832 omnihus
1776 4773 1882 4830 condi-

175 4832 287 4888 tudine.
304 4832 456 4891 Certamen
484 4835 563 4892 enim
592 4835 665 4893 illud
695 4837 785 4895 terme
800 4839 885 4897 Orbis
908 4840 998 4896 totius
1051 4842 1191 4910 tionibus,
1204 4860 1277 4915 quas
1292 4844 1413 4901 diversis
1433 4846 1617 4919 temporibus
1635 4844 1836 4920 prediximus,
1848 4849 1883 4901 st

175 4905 258 4960 est-’²
519 4977 524 4988 ,
579 4977 610 4990 ..
691 4981 695 4991 Ι
1051 4913 1220 4986 petitionem
1245 4916 1475 4986 communionis;
1499 4923 1532 4973 ut
1555 4922 1632 4974 reete
1655 4921 1684 4974 et
1707 4915 1827 4990 petenti,
1849 4919 1883 4974 et

213 4975 315 5058 llpstes
330 4974 526 5048 Chrysostoini
546 4994 628 5034 miris
643 4979 673 5035 iii
687 4979 791 5038 itinero
807 4983 892 5040 malis
907 4990 936 5040 ct
951 5001 997 5040 ca·
1052 4986 1185 5058 probanti
1197 4986 1339 5042 secedam
1358 4989 1471 5054 mereri,
1483 4989 1810 5060 reddamus.»'1¹empue
1825 4985 1880 5043 din

161 5044 358 5129 ,limitatione
372 5047 507 5130 affectum
524 5053 660 5106 sanctum
676 5054 836 5110 antistitem
852 5059 997 5113 maturato
1051 5057 1131 5113 trivit
1144 5056 1265 5125 Atticus
1278 5057 1377 5114 missis
1392 5059 1480 5114 etiam
1496 5059 1609 5133 legatis,
1622 5059 1714 5116 donec
1728 5056 1881 5116 memoriae

176 5119 997 5202 exituvitadelungicurant.Feruntlnnooentiumpapam
1052 5129 1250 5201 Chrysostomi
1263 5130 1413 5200 justanon
1428 5131 1577 5188 redderet:
1588 5147 1648 5187 nou
1663 5134 1731 5187 anta
1746 5129 1882 5187 obtinere

176 5185 255 5243 illius
266 5193 480 5271 mortisnuntio
490 5195 788 5264 perceptoiircadium
798 5201 960 5272 Augustum
971 5203 999 5256 ct
1052 5201 1147 5272 poluit
1159 5217 1366 5272 poccm‚quam
1381 5201 1503 5260 loannis
1518 5219 1626 5259 nomen
1640 5201 1671 5258 iu
1687 5199 1817 5259 Tabulas
1831 5215 1881 5257 ca-

176 5259 891 5344 Eudciiiamusegregasseaconimunionefidelinm
902 5288 909 5324 ι
920 5272 997 5343 quod
1054 5271 1178 5327 tulisset.
1195 5292 1208 5323 n
1219 5272 1347 5327 Atticum
1371 5278 1482 5343 autom,
1501 5273 1542 5330 ait
1566 5273 1776 5342 Theodoretus,
1790 5271 1841 5329 lib.
1859 5273 1882 5328 5

176 5330 286 5412 lactum
305 5331 361 5414 alii·
381 5338 497 5416 negant,
514 5335 674 5418 prasertim
696 5337 787 5394 critici
813 5343 996 5410 recentiores,
1052 5360 1114 5415 cap¹
1127 5344 1171 5408 34,
1186 5341 1236 5414 qui
1252 5344 1426 5400 succedebat
1440 5345 1568 5414 Arsacio,
1580 5345 1691 5418 quique
1706 5361 1745 5402 se
1767 5342 1881 5417 elega-

176 5417 226 5473 qui
243 5409 447 5488 supposititias
471 5423 535 5462 esse
550 5405 662 5464 litteras
678 5409 742 5489 ejus
763 5409 805 5465 rei
834 5416 922 5468 testes
952 5431 996 5468 or·
1050 5419 1096 5470 tos
1111 5415 1146 5469 ad
1166 5431 1215 5469 eos
1237 5414 1365 5482 miserat,
1382 5433 1419 5471 sm
1442 5433 1514 5488 eque
1537 5433 1640 5490 pacem
1666 5420 1733 5490 post
1765 5417 1882 5488 averet,

175 5478 271 5544 guuut
285 5491 319 5530 ex
334 5476 770 5560 vibosaChrnnologiaaliisque
782 5480 997 5540 characteribus
1051 5489 1152 5557 postea
1178 5486 1297 5542 tandem
1325 5503 1393 5542 cum
1420 5434 1542 5545 loannis
1572 5504 1678 5546 nomen
1706 5488 1738 5546 in
1764 5484 1882 5545 tabulis

176 5541 343 5630 documenti
358 5565 416 5604 nou
452 5565 561 5605 anuini.
1051 5556 1218 5628 scripsisset
1231 5573 1298 5613 acce
1320 5562 1415 5616 eruut.
1430 5581 1444 5610 »
1871 5569 1874 5577 '

211 5616 358 5692 Quidquid
387 5565 535 5679 staluatur
562 5619 597 5676 dc
625 5624 773 5694 pestremo
803 5623 857 5682 hoc
886 5632 996 5686 asserto
1087 5627 1281 5685 Dumhacah
1297 5573 1883 5706 lnnocenticgerunturedtuendameat

176 5691 289 5752 eertum
302 5693 381 5755 cete
398 5692 483 5758 beato
502 5691 670 5756 innocentio
685 5709 836 5772 nunquam
853 5697 997 5760 desertam
1052 5699 1247 5780 reparandam
1257 5699 1883 5782 inancoralibusarctastinattatemapnt
