4036 6164
777 219 779 227 .
806 171 1013 236 ANASTASll
1035 114 1360 236 BlBth'l'llllilhllll.

808 607 877 678 LX.
906 603 1096 676 SANCTUS
1121 603 1352 677 SlLVERlUS.

689 877 770 925 xutto
791 877 910 924 cuxrsrr
932 864 992 925 536
1013 878 1181 925 Jusrrxrsru
1204 864 1253 938 t0,
1276 877 1429 926 ruaooxrr
1451 861 1482 922 3.

353 1331 405 1386 Μ
423 1324 956 1408 Silverius,naticneCampanus,ex
967 1323 1757 1407 patrellorvuisda,episeopoltomanoseditannum
1771 1325 1906 1407 unumle),
1980 1297 1981 1388 i

313 1448 437 1492 menses
451 1431 602 1512 quinque,
619 1433 686 1494 dias
701 1433 858 1494 undecim.
875 1431 932 1494 llie
946 1433 1068 1494 levatus
1082 1438 1129 1494 est
1143 1451 1162 1494 a
1176 1438 1310 1513 tyranno
1326 1430 1489 1493 Theodato
1505 1429 1572 1492 sine
1586 1429 1806 1492 deliberatione
1819 1429 1908 1492 deere—

314 1537 336 1597 ti
352 1554 359 1596 :
378 1538 433 1618 qui
446 1539 627 1601 Theodatus
642 1547 808 1620 corruptus
824 1539 958 1620 pecunia
974 1539 1015 1620 (d)
1032 1540 1107 1602 data
1122 1540 1217 1601 talam
1231 1539 1376 1601 timorem
1401 1537 1527 1600 induxit
1549 1539 1645 1612 clero,
1661 1535 1763 1616 utqui
1782 1555 1839 1599 non
1852 1556 1909 1599 con·

313 1645 444 1705 sentiret
457 1641 489 1704 in
505 1645 574 1725 ejus
588 1645 830 1720 ordinationem,
848 1646 954 1726 gladio
970 1647 1144 1727 puniretur.
1174 1645 1234 1719 Oui
1257 1645 1385 1726 quidem
1409 1644 1589 1706 sacerdotes
1602 1642 1641 1725 (c)
1657 1661 1719 1704 non
1741 1641 1908 1723 subscripse·
1980 1677 1981 1708 ι

273 1749 291 1806 5
314 1754 388 1810 runt
402 1750 434 1810 in
449 1769 522 1811 eum
537 1751 710 1812 secundum
726 1769 845 1813 morem
870 1752 1047 1832 antiquum,
1065 1751 1113 1814 vel
1131 1751 1174 1833 (d)
1189 1752 1352 1813 decretum
1376 1749 1646 1813 confirmaverunt
1667 1753 1739 1810 ante
1760 1747 1909 1818 ordinatio·
1980 1779 1981 1786 ι

313 1873 397 1915 nem.
413 1857 484 1917 lam
499 1862 605 1918 autem
620 1857 766 1918 ordinato
781 1857 839 1918 sub
854 1857 883 1918 vi
900 1863 931 1919 et
945 1864 1030 1920 metu
1046 1858 1188 1930 silverio,
1207 1863 1337 1938 propter
1351 1856 1578 1918 adunationem
1601 1854 1745 1917 Ecclesia
1760 1860 1791 1916 et
1802 1854 1910 1934 religio·
1980 1837 1981 1912 i

312 1958 372 2032 nis,
389 1961 604 2040 postmodum
619 1963 663 2024 sie
678 1964 929 2044 subscripserunt
946 1964 1134 2046 presbyteri.
1152 1967 1226 2026 Post
1241 1981 1365 2025 mensos
1389 1963 1468 2024 duos
1492 1967 1571 2024 nutu
1596 1962 1703 2023 divino
1727 1961 1911 2042 exstinguitur
1980 1981 1981 2050 j

309 2065 491 2129 'l'heodatus
506 2073 669 2148 tyrannus,
686 2076 718 2131 et
731 2071 855 2132 levatur
868 2090 922 2133 rex
938 2071 1070 2151 Guitigls
1086 2070 1135 2152 (e).
1151 2071 1269 2132 Eodem
1297 2077 1438 2150 tempore
1462 2069 1594 2148 Guitigis
1620 2068 1788 2130 ambulavit
1812 2070 1912 2129 Ravan-
1980 2101 1981 2104 =

311 2190 397 2250 nam,
414 2179 527 2236 etcum
544 2176 575 2236 vi
590 2177 663 2238 tulit
678 2177 775 2239 filiam
791 2177 1019 2240 Amalasinthae
1034 2178 1077 2259 (s)
1095 2179 1212 2257 reginas
1228 2177 1286 2238 sibi
1303 2195 1444 2240 uxorem.
1461 2177 1527 2237 lloc
1541 2175 1584 2257 (p)
1598 2174 1779 2256 indignatus
1796 2174 1911 2236 domnus

253 2279 291 2338 lt)
311 2279 485 2360 imperator
507 2282 704 2344 iustinianus
728 2287 901 2364 Augustus,
928 2284 1003 2365 quia
1026 2285 1169 2365 reginam
1194 2285 1254 2346 sibl
1278 2281 1532 2345 commendatam
1557 2281 1722 2343 occidisset
1742 2279 1910 2354 ruendum,
1980 2365 1981 2370 γ

312 2386 397 2448 misit
412 2388 591 2450 Vilisarium
608 2389 651 2472 (lu)
664 2391 832 2471 patricium
847 2409 919 2452 cum
934 2391 1088 2464 exercitu,
1115 2397 1149 2452 ut
1173 2391 1323 2453 liberaret
1345 2408 1471 2452 omnem
1488 2389 1612 2451 ltaliam
1638 2407 1657 2450 a
1680 2386 1850 2468 captivitate
1863 2388 1911 2449 Go-
1980 2413 1981 2480 3

316 2493 550 2557 thorumTunc
565 2498 693 2559 veniens
708 2498 862 2578 patricius
876 2498 1106 2579 suprascriptus
1122 2497 1154 2559 in
1171 2502 1277 2578 partes
1292 2496 1417 2571 Siciliae,
1434 2497 1495 2558 luit
1507 2495 1626 2558 ibidem
1642 2494 1832 2575 aliquantum
1846 2499 1912 2556 tem·
1980 2505 1981 2546 l

315 2601 411 2679 poris.
427 2603 566 2664 Audiens
581 2608 687 2665 autem
702 2605 786 2684 quod
801 2603 895 2667 Gothi
909 2604 969 2665 sibi
983 2603 1128 2666 iecissent
1153 2622 1259 2683 regem
1283 2608 1393 2666 contra
1418 2608 1526 2664 votum
1551 2601 1663 2665 domni
1685 2599 1846 2664 iustiniani
1860 2602 1912 2661 llu-
1980 2579 1981 2636 3

316 2708 410 2787 gusti,
427 2710 559 2772 venitin
575 2716 681 2792 partes
695 2712 875 2792 Campaniae
886 2710 977 2790 juxta
992 2711 1151 2774 civitatem
1167 2711 1342 2792 Neapolim,
1360 2717 1392 2773 et
1406 2709 1529 2772 obsedit
1543 2726 1613 2770 eam
1630 2727 1701 2769 cum
1716 2707 1844 2770 exercitu
1858 2723 1913 2780 suo,

258 2813 296 2872 ld
317 2815 575 2894 quianoluerunt
589 2818 618 2878 ei
633 2816 715 2879 cives
730 2817 930 2898 Neapolitani
944 2817 1065 2898 aperire
1081 2815 1126 2898 (tl.
1150 2818 1269 2880 Eodem
1293 2824 1436 2898 tempore
1460 2816 1635 2897 pugnando
1659 2814 1803 2897 patricius
1824 2818 1915 2876 contra
1980 2809 1981 2870 ἶ

306 2921 471 2983 civitatem
487 2923 638 2998 introivit,
655 2928 686 2986 et
701 2924 814 2987 duetus
828 2925 934 2986 surore
949 2925 1106 2986 interiecit
1120 2925 1249 2999 Gothos,
1268 2930 1299 2985 et
1313 2942 1423 2985 omnes
1437 2921 1519 2984 cives
1539 2921 1774 3002 Neapolitanos,
1798 2924 1828 2980 et
1847 2917 1916 2979 misit
1980 2907 1981 2942 ³

314 3015 466 3106 praedam,
483 3035 514 3090 et
528 3048 586 3091 nee
601 3030 738 3092 ecclesiis
764 3032 903 3111 pepercit
927 3030 1111 3111 praedando.
1136 3031 1184 3092 lta
1209 3037 1244 3092 ut
1267 3031 1419 3093 uxoribus
1444 3028 1656 3110 presentibus
1680 3028 1803 3090 maritos
1825 3041 1914 3087 earum

311 3132 417 3211 gladio
431 3134 646 3197 interficerent
658 3137 702 3217 (y)
716 3142 748 3198 et
761 3138 901 3216 captivos
916 3137 1007 3210 lilios,
1025 3142 1057 3197 et
1072 3155 1184 3199 uxores
1206 3136 1361 3198 nobilium
1385 3135 1636 3198 exterminarent
1660 3133 1721 3217 (lc);
1746 3132 1835 3193 nullis
1854 3147 1913 3212 par·
1980 3199 1981 3226 ,

311 3254 396 3312 cens,
413 3257 471 3300 nee
486 3242 712 3316 sacerdotibus,
729 3261 785 3304 nee
801 3243 897 3304 servis
911 3241 979 3316 Ilei,
997 3260 1055 3304 nee
1070 3243 1245 3323 virginibus
1260 3241 1565 3304 sanctimonialibus.
1980 3235 1981 3252 ¹

351 3351 405 3406 98
422 3347 539 3407 Eodem
553 3353 694 3428 tempora
710 3349 828 3410 bellum
853 3348 913 3408 luit
935 3348 1119 3425 maximum,
1137 3348 1282 3410 veniente
1307 3347 1431 3426 Guitige
1459 3353 1571 3409 eontra
1596 3347 1776 3409 Vilisarium
1792 3344 1824 3428 (l)
1838 3341 1915 3424 patri·

310 3451 407 3528 cium,
423 3458 455 3514 ct
469 3460 579 3517 contra
593 3456 702 3516 urbem
719 3458 863 3516 Romam.
883 3457 1047 3536 Ingressus
1071 3461 1178 3517 autem
1202 3454 1372 3516 Belisarius
1395 3454 1427 3515 in
1453 3453 1570 3518 Urbem
1593 3471 1624 3517 lv
1649 3454 1722 3517 ldus
1744 3448 1912 3518 Decembris,

309 3559 472 3634 custodiis,
489 3564 520 3621 et
536 3561 774 3636 munitionibus,
791 3562 841 3623 vel
856 3561 984 3622 lubricis
999 3579 1173 3635 murorum,
1190 3567 1222 3622 et
1246 3560 1447 3641 reparatione
1471 3560 1580 3621 fossati
1604 3559 1810 3647 circumdedit
1822 3557 1913 3619 eivita-

310 3669 372 3724 tem
388 3667 575 3742 Romanam,
592 3673 624 3728 et
639 3668 790 3741 munivit;
809 3675 904 3730 noctu
920 3667 970 3750 (m)
987 3668 1056 3748 ipsa
1070 3686 1135 3748 qua
1149 3667 1292 3728 introivit
1306 3667 1469 3730 Vilisarius
1484 3666 1647 3748 patricius,
1660 3666 1763 3741 Gothi,
1775 3665 1825 3746 qui
1839 3667 1915 3726 erant

271 3769 289 3828 5
310 3768 343 3829 in
357 3769 492 3846 civitate,
511 3771 561 3833 vel
584 3772 660 3833 ioris
686 3791 801 3846 muros,
829 3774 990 3854 fugarunt,
1018 3778 1049 3835 et
1073 3792 1183 3834 omnes
1208 3778 1315 3853 portas
1341 3778 1467 3853 apertas
1484 3773 1675 3834 dimiserunt
1688 3776 1870 3835 Ravennam.
1884 3770 1914 3831 llt

310 3881 381 3954 post
396 3875 456 3938 hoc
471 3878 622 3957 colligens
637 3879 777 3960 Guitiges
789 3881 831 3962 (a)
848 3900 903 3943 rex
919 3879 1154 3943 multitudinem
1179 3879 1336 3942 exercitus
1361 3879 1548 3955 Gothorum,
1572 3899 1734 3960 regressus
1757 3883 1802 3942 est
1822 3883 1914 3940 eontra

310 3983 442 4044 Romam
458 4002 490 4045 rx
505 3984 662 4046 Kalendas
676 3986 790 4060 Martii,
808 3991 840 4048 et
855 3986 923 4048 lixit
935 3991 1038 4048 castra
1052 3987 1093 4048 ad
1109 3993 1237 4066 pontem
1255 3986 1408 4060 hlilvium,
1425 3992 1456 4048 et
1470 3991 1636 4066 eoeperuut
1661 3987 1802 4049 obsidere
1826 3983 1914 4046 civia

310 4094 372 4150 tarn
390 4092 576 4152 Romanam.
593 4093 681 4154 Tune
697 4093 846 4173 patricius
862 4093 1034 4168 Vilisarius‚
1051 4092 1105 4173 qui
1121 4112 1177 4173 pro
1194 4093 1321 4155 nomine
1338 4097 1480 4155 llomano
1495 4098 1574 4167 erat,
1586 4091 1716 4156 inelusit
1729 4112 1760 4156 se
1775 4089 1914 4154 Romaio-

310 4202 359 4255 tra
373 4195 541 4273 elvltatem,
561 4204 592 4260 at
605 4199 774 4261 custodivit
788 4200 959 4262 civitatem.

349 4311 405 4362 99
420 4303 473 4364 llis
489 4303 599 4366 diebus
613 4306 724 4368 obessa
739 4312 786 4368 est
800 4307 920 4384 civitas,
937 4311 972 4368 ut
988 4305 1067 4367 nulli
1081 4312 1162 4367 esset
1177 4306 1311 4368 laoultas
1326 4305 1472 4380 exaundi,
1491 4305 1538 4368 vel
1555 4305 1750 4369 introeundi.
1766 4309 1848 4368 Tune
1860 4319 1913 4363 orn·

310 4427 364 4470 nes
380 4411 591 4488 possessiones
607 4413 737 4491 privatae
753 4413 802 4473 vel
817 4413 894 4486 fisci,
910 4413 960 4474 vel
975 4411 1133 4484 Ecclesiae,
1151 4411 1298 4473 incendio
1313 4417 1508 4493 consumptas
1523 4417 1607 4487 sunt,
1624 4411 1771 4474 homines
1781 4428 1848 4472 vero
1861 4407 1913 4487 gla-

308 4515 359 4575 dio
374 4515 555 4594 interempti
570 4523 653 4578 sunt.
670 4519 753 4590 Quos
769 4517 903 4596 gladius,
920 4517 1064 4596 gladius;
1082 4535 1161 4597 quos
1177 4519 1289 4593 laruas,
1305 4519 1419 4591 lames;
1437 4537 1517 4598 quos
1532 4517 1674 4594 morbus,
1692 4519 1816 4580 morbus
1829 4515 1911 4576 inter·

308 4619 444 4681 liciebat.
460 4624 538 4682 Nam
554 4621 693 4683 ecclesias
707 4629 739 4684 et
753 4641 886 4702 corpora
901 4629 1081 4685 sanctorum
1098 4630 1272 4703 martyrum
1289 4625 1506 4687 exterminatas
1522 4631 1596 4686 sunt
1610 4644 1629 4687 a
1645 4626 1766 4688 Gothis.
1782 4625 1863 4688 lutra
1875 4618 1911 4678 ci-

268 4725 287 4782 5
308 4725 436 4786 vitatem
452 4733 557 4788 autern
573 4729 702 4806 grandis
717 4729 816 4790 sames
830 4734 909 4805 crat,
927 4731 972 4790 ita
987 4736 1022 4791 ut
1036 4749 1120 4811 aqua
1135 4711 1370 4794 venundaretur
1385 4733 1498 4812 pretio,
1517 4733 1576 4793 uisi
1596 4732 1808 4814 nympharum
1823 4742 1911 4789 reme·

309 4829 395 4890 dium
411 4831 616 4894 subvenisset.
630 4835 748 4913 Pugnae
763 4842 868 4896 autem
885 4837 1030 4898 maximae
1046 4842 1136 4898 erant
1151 4843 1261 4898 contra
1276 4839 1448 4900 civitatem.
1465 4839 1520 4902 His
1534 4838 1645 4900 diebus
1656 4820 1817 4901 Vilisarius
1831 4827 1912 4914 patri·

308 4935 374 4996 cius
388 4937 560 5016 pugnando
576 4946 686 5002 eontra
701 4960 805 5020 regem
821 4943 987 5022 Guitiganr,
1005 4943 1054 5004 vel
1070 4943 1304 5006 multitudinem
1330 4931 1504 5007 Gothorum
1530 4945 1667 5026 protexit
1692 4946 1855 5014 Romanos,
1869 4931 1909 4996 vel

308 5042 465 5104 civitatem
495 5045 637 5108 custodia
664 5067 722 5110 sua
749 5049 906 5124 liberavit,
923 5056 954 5111 et
982 5068 1098 5112 nomeu
1127 5054 1317 5115 Romanum.
1342 5055 1430 5115 Tunc
1454 5051 1582 5114 obsessa
1604 5057 1652 5114 est
1674 5051 1783 5114 civitas
1805 5059 1907 5110 annum

812 5287 937 5334 horuch
957 5287 1151 5335 nabuthaeus
1173 5289 1335 5338 FABROTTI.

258 5489 523 5558 (elssannostres.
561 5491 1253 5566 (ilpecuniadatollurenuepolpeeun.delens.
1295 5495 1687 5569 (c)C,saeerdotesquidnm.
1726 5493 1905 5566 (d)C,neqt¹⁰·

221 5561 753 5619 ildeberonudeoe.Dominibdb.
792 5565 827 5636 (e)
841 5564 980 5636 Vbigites.
999 5566 1030 5635 Β,
1047 5566 1077 5634 G,
1093 5565 1210 5639 vitige.
1247 5565 1575 5639 ([)G‚Amalasunthae.
1614 5566 1651 5642 (pl
1670 5564 1754 5632 C,ob
1777 5561 1837 5617 hoo.
1871 5554 1906 5638 ld)

220 5630 280 5688 Beli
296 5649 407 5689 sarum.
444 5635 477 5704 (i)
494 5635 556 5690 Vide
568 5635 776 5691 uerenedenn
790 5637 852 5692 537.
891 5637 926 5708 (γ’)
942 5637 1125 5693 interficeret.
1165 5637 1202 5710 (lt)
1218 5638 1405 5694 exterminar.
1423 5638 1443 5694 l.
1481 5640 1513 5712 (t)
1530 5642 1541 5664 ⁶
1559 5637 1740 5708 belisarium,
1756 5635 1799 5690 hie
1820 5637 1845 5687 et
1865 5643 1904 5682 m·

218 5702 276 5778 fre.
316 5707 367 5778 (m)
380 5704 411 5774 C,
429 5709 523 5763 nocto.
561 5705 602 5781 (u)
618 5705 751 5780 Witiges.
