4048 6174
115 227 203 294 sote
479 227 665 292 nrsroam
685 223 737 289 oe
757 223 861 288 vrrrs
884 223 979 286 nou.
1001 223 1159 286 uoun-
1174 223 1207 287 s.
1230 223 1460 287 annuamus.
1744 169 1822 291 icor

142 363 179 425 ’5
201 360 405 438 Rauennatis,
428 367 523 442 atquc
544 360 690 422 universo
713 359 831 441 populo
854 358 1011 438 praedictae
1033 357 1166 418 ciuitatis
1188 375 1225 418 ac
1245 357 1407 419 ciuitatum
1428 357 1638 439 Pentapoleos
1663 365 1695 421 et
1721 361 1821 423 AEmi·

198 471 262 546 lim,
285 469 369 533 tacta
388 470 421 530 in
443 467 567 549 scriptis
588 467 805 529 obsecratione
826 464 978 546 praedicto
1000 469 1108 525 sancto
1132 464 1285 524 miserunt
1306 464 1385 537 uiro,
1409 469 1550 544 petentes
1573 471 1606 528 ut
1629 483 1685 548 pro
1712 485 1820 530 eorum

199 581 340 640 curreret
361 575 404 657 (a)
424 575 620 637 liberatione.
644 573 702 646 Qui
723 579 850 634 sanctus
871 571 929 645 uir,
955 572 1049 633 missa
1070 570 1227 650 legatione
1250 577 1281 632 et
1311 571 1491 632 muneribus
1521 572 1561 632 ad
1591 574 1820 636 obsecrandum

199 682 346 745 eumdem
368 699 475 761 regern
496 699 553 761 per
573 681 778 742 Benedictum
801 680 982 760 episcopum
1004 684 1036 739 et
1057 678 1302 751 vicedominum,
1327 683 1421 758 atque
1452 679 1652 741 Ambrosium
1675 681 1821 762 primice-

200 791 282 851 rium
305 789 513 864 notariorum,
537 787 627 869 petiit
659 793 733 848 uta
764 787 902 848 motione
932 791 1078 858 cessaret,
1110 792 1141 846 ct
1175 786 1382 846 Geseuateose
1410 786 1645 847 Rauennatibus
1680 789 1824 852 redderet

137 895 180 958 t0
202 901 362 970 castrum;
384 895 437 956 sed
460 911 571 974 passus
592 912 655 954 non
678 899 736 955 est.
760 892 854 972 Cujus
878 893 953 952 dum
975 892 1088 952 duram
1110 891 1377 972 perseuerantiam
1413 891 1609 971 conspiceret
1630 893 1697 972 jam
1721 897 1823 956 nomi·

200 1008 294 1064 natue
315 1001 530 1063 sanctissimus
551 1000 610 1070 uir,
633 1005 753 1080 tropaeo
775 999 848 1060 ndei
871 998 1021 1072 munitus,
1044 999 1153 1060 relicta
1176 1001 1318 1059 Romana
1346 999 1422 1060 urbe
1450 997 1518 1077 jam
1549 997 1633 1060 dieto
1663 1001 1825 1080 Stephano

201 1107 335 1189 patricio
356 1113 389 1169 et
408 1107 483 1168 duci
504 1107 544 1168 ad
566 1106 820 1187 gubernandum,
844 1124 906 1166 non
930 1106 1010 1166 sicut
1032 1105 1253 1178 mercenarius,
1282 1104 1336 1166 sed
1364 1105 1445 1166 sicut
1474 1123 1547 1167 uere
1575 1109 1684 1185 pastor
1710 1107 1826 1170 relictis

203 1213 325 1288 ouibus,
349 1213 390 1274 ad
411 1231 464 1275 eae
486 1231 557 1294 qum
587 1214 736 1294 periturae
765 1218 856 1274 eraut
888 1212 1086 1274 redimendes
1114 1213 1261 1273 occurrit.
1292 1213 1359 1284 Ouo
1390 1229 1515 1291 egresso
1545 1213 1656 1275 itinere
1687 1214 1762 1276 dum
1794 1235 1827 1278 ee

202 1319 400 1383 orationibus
421 1320 659 1382 commendaret
690 1320 783 1381 beato
818 1319 1033 1400 apostolorum
1064 1319 1199 1399 principi
1230 1321 1322 1380 Petro
1353 1336 1423 1378 eum
1455 1318 1519 1380 suis
1549 1321 1765 1383 sacerdotibus
1796 1328 1828 1384 et

137 1429 178 1492 ts
200 1426 285 1489 clero
306 1445 379 1490 cum
401 1425 583 1498 uiatoribus,
608 1431 686 1488 nutu
709 1426 933 1506 omnipotentis
959 1427 1025 1498 Dei,
1049 1431 1085 1488 ut
1114 1443 1178 1487 nou
1207 1425 1310 1486 calore
1336 1430 1504 1487 urerentur
1522 1445 1580 1506 per
1609 1427 1703 1500 diem,
1729 1448 1827 1509 usque

204 1534 245 1594 ad
266 1534 370 1594 locum
394 1533 447 1594 ubi
471 1533 606 1595 tentoria
628 1533 776 1612 ligabant,
801 1533 901 1594 arrhas
922 1551 975 1594 eos
996 1532 1135 1612 tegebat,
1157 1551 1228 1611 quae
1250 1532 1288 1594 ad
1313 1550 1478 1612 vesperum
1499 1533 1658 1595 residebat
1680 1533 1733 1616 (ὁ).
1758 1537 1828 1598 ΑΙίο

203 1644 311 1704 autem
332 1640 384 1703 die
404 1640 437 1700 in
459 1659 568 1702 eorum
591 1640 786 1720 protectione
808 1645 875 1702 erat
896 1638 1045 1701 diuinitus
1075 1639 1230 1713 instituto,
1253 1639 1304 1700 cui
1332 1639 1457 1701 obuiam
1480 1640 1617 1701 occurrit
1641 1641 1828 1706 denomina-

205 1755 259 1810 tus
278 1746 559 1810 excellentissimus
580 1746 735 1810 exarchus
757 1765 856 1827 usque
878 1747 917 1808 ad
940 1746 1101 1808 basilicam
1124 1744 1208 1808 beati
1229 1745 1459 1827 Christophori,
1484 1747 1617 1826 positam
1639 1747 1752 1812 inloco
1774 1751 1829 1831 qui

205 1859 337 1918 uocatur
357 1853 399 1916 ad
418 1853 577 1934 Aquilam,
600 1853 864 1934 quiunquagesimu
885 1855 951 1915 lere
973 1852 1122 1914 milliario
1143 1871 1161 1914 a
1182 1852 1412 1914 Rauennatium
1435 1853 1523 1915 urbe.
1547 1855 1618 1934 lpsa
1639 1873 1713 1917 uero
1729 1857 1829 1920 nubes

139 1965 184 2026 20
205 1980 277 2024 cum
299 1962 343 2023 eie
365 1980 463 2042 usque
485 1961 526 2024 ad
548 1961 707 2024 basilicam
730 1961 830 2022 sancti
861 1960 1053 2041 Apollinaris
1078 1960 1111 2020 in
1140 1961 1371 2022 Rauennatium
1402 1960 1512 2022 urbem
1544 1963 1678 2041 tegendo
1700 1964 1829 2026 convia-

205 2068 262 2130 uit.
286 2068 406 2131 Exinde
426 2069 546 2130 factum
569 2073 616 2131 est
636 2069 772 2148 signum,
797 2073 833 2130 ut
857 2074 1001 2130 sanctum
1023 2067 1205 2148 pontificem
1241 2086 1305 2148 quo
1335 2071 1403 2129 erat
1432 2068 1533 2129 iturus
1564 2068 1596 2129 in
1618 2067 1828 2134 'ticinensium

206 2174 317 2236 urbem
339 2175 423 2236 acies
443 2175 545 2254 ignem
568 2173 598 2234 in
623 2173 759 2236 nubibus
789 2175 1012 2255 praecederent.
1038 2177 1189 2254 Egressus
1215 2180 1319 2236 autern
1356 2175 1395 2236 de
1425 2174 1551 2236 ciuitate
1582 2177 1826 2255 Rauennatensi,

208 2281 267 2343 uiri
288 2299 324 2344 ac
346 2281 494 2342 mulieres
515 2280 629 2342 diuersi
651 2299 753 2353 mnus,
778 2288 810 2343 et
831 2282 933 2342 aetatis
954 2287 1083 2360 agentes
1104 2282 1223 2360 gratias
1244 2281 1452 2361 omnipotenti
1475 2283 1551 2353 Deo,
1573 2283 1709 2362 protasis
1731 2284 1830 2366 lacry-

207 2387 267 2448 mis
287 2386 433 2450 eumdcm
457 2392 601 2448 sanctum
624 2393 829 2468 susceperunt
849 2389 1044 2469 pontificem,
1067 2387 1240 2448 clamantes
1261 2393 1356 2468 atque
1386 2388 1525 2450 dicentes
1548 2405 1556 2448 :
1580 2375 1663 2452 Bene
1685 2391 1772 2452 uenit
1792 2391 1830 2474 (c)

143 2497 187 2556 Ἃ
212 2499 319 2574 pastor
339 2499 456 2568 noster,
480 2493 534 2574 qui
555 2511 628 2556 suas
648 2494 776 2575 reliquit
796 2513 882 2570 oues,
905 2495 997 2558 etad
1029 2513 1098 2568 nos,
1121 2495 1176 2575 qui
1199 2495 1330 2574 perituri
1357 2512 1493 2570 eramus,
1517 2495 1699 2558 liberandos
1720 2516 1831 2560 occur-

207 2601 258 2663 rit.

250 2741 333 2796 m
355 2735 402 2796 lix
424 2733 535 2795 eadem
556 2751 682 2814 quogue
703 2733 931 2795 Rauennatium
955 2732 1032 2794 urbe
1055 2709 1139 2794 misit
1160 2751 1253 2813 papa,
1276 2732 1315 2793 ad
1338 2732 1603 2812 prenominatum
1626 2753 1743 2814 regem,
1760 2738 1831 2800 Ste·

208 2840 350 2923 phanum
372 2841 590 2924 presbyterum
614 2845 646 2902 ct
664 2840 865 2903 Ambrosium
888 2840 1112 2922 primicerium,
1136 2839 1190 2920 qui
1222 2838 1443 2900 annuntiarint
1473 2839 1501 2900 ei
1522 2859 1616 2902 suum
1645 2841 1829 2906 aduentum.

207 2947 266 3020 Oui
286 2947 344 3012 uiri
366 2947 499 3028 ingrcssi
520 2947 552 3007 in
573 2947 690 3009 linibus
712 2945 756 3028 (d)
776 2946 1059 3026 Longohardorum
1080 2946 1112 3008 in
1136 2945 1292 3008 ciuitatem
1315 2964 1386 3026 quae
1409 2951 1540 3008 uocatur
1560 2947 1673 3009 imola.
1695 2967 1831 3028 cognos-

207 3059 314 3117 centes
335 3054 391 3136 qui
412 3053 674 3136 praepoditioncm
697 3053 735 3134 (e)
757 3053 940 3116 nitebantur
960 3054 1062 3116 lacere
1085 3053 1235 3133 praedicto
1263 3059 1372 3115 sancto
1400 3053 1478 3128 uiro,
1503 3071 1560 3116 nec
1588 3053 1663 3116 illuc
1686 3056 1831 3118 ambula-

166 3165 268 3236 5ret,
292 3181 347 3243 per
368 3162 533 3243 epistolam
555 3161 705 3241 scriptam
727 3180 784 3242 per
805 3161 905 3224 noctis
935 3160 1093 3222 silentium
1116 3161 1354 3222 nuntiaverunt.
1377 3160 1446 3233 Quo
1474 3161 1601 3241 cognito
1628 3160 1695 3241 jam
1728 3163 1830 3224 nomi-

208 3274 302 3331 natus
324 3268 477 3350 pontifex,
502 3267 677 3330 lucescente
699 3267 749 3330 die
771 3267 921 3338 Sabbata,
945 3285 1009 3329 non
1030 3267 1142 3330 mortis
1164 3267 1275 3329 timore
1297 3267 1492 3347 perterritus,
1516 3267 1571 3328 scd
1592 3267 1708 3330 Christi
1733 3270 1833 3332 fretus

209 3374 339 3450 auxilio,
362 3375 514 3436 audacter
534 3393 677 3454 egressus
698 3375 736 3437 de
752 3375 980 3436 Rauennatium
1002 3374 1079 3436 urbe
1100 3373 1133 3434 in
1155 3373 1271 3434 linibus
1292 3373 1333 3454 (s)
1352 3373 1631 3452 Longobardorum
1660 3375 1830 3454 ingressus,

209 3481 370 3564 sesquipes
391 3482 491 3543 lactus
512 3487 559 3542 est
579 3479 643 3543 suis
666 3480 778 3542 missis.
802 3483 886 3553 Quos
913 3479 1042 3560 quidem
1074 3479 1286 3560 praecedentes
1318 3484 1390 3541 ante
1421 3497 1505 3554 eum,
1533 3479 1601 3559 jam
1632 3480 1734 3543 dictus
1765 3501 1832 3558 rex,

210 3588 320 3651 dolore
341 3587 515 3669 perculsus,
538 3587 696 3666 suscipere
718 3586 830 3648 noluit.
854 3588 924 3667 lpse
946 3605 1020 3648 uero
1042 3605 1184 3647 summus
1206 3585 1345 3666 pontifex
1366 3585 1516 3647 uicesima
1537 3592 1649 3648 octaua
1670 3587 1722 3649 die
1744 3607 1832 3650 men-

145 3694 359 3758 resistenti
381 3694 422 3756 ad
442 3693 563 3756 Padum
585 3693 742 3768 conuenit,
766 3693 821 3754 uhi
848 3698 879 3755 et
900 3693 941 3755 ad
962 3693 1198 3775 suscipiendum
1220 3693 1381 3774 cumipse
1412 3711 1466 3755 rex
1488 3712 1561 3756 euos
1591 3694 1833 3777 misit‘optima-

208 3802 277 3876 t'es;
300 3819 371 3863 cum
394 3801 509 3882 quibus
530 3801 675 3864 'licinuni
696 3800 897 3874 conveniens,
920 3801 975 3862 ubi
995 3801 1062 3881 ipse
1085 3801 1242 3863 residebat
1264 3819 1327 3874 rex,
1352 3801 1429 3862 toris
1452 3819 1559 3863 muros
1589 3801 1730 3880 ejusdem
1757 3803 1834 3864 ciui-

210 3909 283 3972 tatis
305 3909 531 3991 pertraneiens,
553 3907 594 3968 ad
615 3908 726 3969 horam
748 3907 900 3970 orationis
922 3926 1039 3969 nonam
1062 3925 1119 3988 pro
1141 3907 1320 3986 uigiliarum
1342 3907 1428 3969 beati
1449 3908 1667 4002 apostolopum
1682 3909 1834 3990 principis

208 4013 294 4078 Petri
314 4015 511 4078 celebrandis
531 4014 691 4078 solemniis
712 4014 889 4090 missarum,
913 4015 945 4075 in
968 4013 1128 4076 basilicam
1151 4013 1231 4092 ejus,
1255 4032 1326 4092 quae
1349 4019 1479 4075 uocatur
1493 4013 1664 4076 adCoelum
1687 4033 1832 4091 aureum,

210 4122 359 4203 perrexit.
383 4122 422 4184 Εἰ
443 4127 514 4203 post
534 4121 724 4202 completam
746 4121 938 4183 oblationem
960 4119 1003 4202 (p)
1024 4120 1056 4181 in
1079 4119 1221 4182 eamdem
1245 4119 1355 4182 urbem
1377 4119 1546 4199 ingressus,
1570 4125 1712 4182 moratus
1733 4127 1790 4184 est.

253 4263 336 4318 m
360 4255 429 4318 lilio
451 4271 578 4335 quoque
599 4253 649 4316 die
671 4271 728 4335 pro
751 4254 849 4315 natali
870 4252 1058 4316 celebrando
1079 4252 1178 4334 ipsius
1199 4251 1351 4333 principis
1380 4253 1595 4332 apostolorum
1626 4254 1659 4314 in
1682 4254 1835 4334 predicta

210 4362 343 4426 ecclesia
364 4381 381 4424 a
403 4359 635 4443 praenominato
657 4379 730 4442 rege
750 4361 911 4435 inuitatus,
936 4361 1102 4422 missarum
1133 4359 1287 4422 solemnia
1317 4358 1497 4422 celebravit.
1521 4361 1631 4442 ibique
1660 4367 1770 4423 mutuo
1800 4381 1834 4425 se

209 4470 344 4532 inuicem
366 4468 539 4532 salutantes
560 4469 677 4550 pariter
698 4473 904 4549 susceperunt
925 4468 1022 4544 cibos,
1045 4467 1141 4529 etsie
1163 4467 1196 4528 in
1220 4467 1482 4548 praenominatam
1514 4469 1672 4531 ciuitatem
1700 4471 1834 4548 regressi

207 4583 294 4640 sunt.
318 4578 417 4652 Quem
439 4582 584 4638 sanctum
605 4575 706 4636 uirum
730 4575 792 4638 alio
813 4575 864 4638 die
885 4575 985 4638 isdem
1014 4594 1070 4638 rex
1102 4593 1159 4655 per
1180 4575 1348 4655 optimates
1378 4593 1452 4636 suos
1487 4576 1528 4637 ad
1558 4593 1650 4636 suum
1679 4577 1834 4657 palatium

165 4687 186 4748 5
209 4683 379 4767 procedere
399 4681 553 4748 invitavit.
576 4683 616 4744 Rt
635 4681 678 4764 (i)
699 4682 741 4745 ah
763 4682 872 4746 eodem
895 4701 969 4762 rege
988 4682 1083 4744 nimis
1105 4681 1277 4744 honorilice
1299 4688 1464 4762 susceptus
1491 4682 1683 4745 salutaribus
1706 4684 1835 4747 monitis

207 4810 279 4854 cum
303 4791 457 4853 allocutus
478 4796 536 4864 est,
558 4789 726 4851 obsecrans
749 4809 789 4852 ue
809 4790 945 4870 amplius
967 4789 1196 4851 Rauennatium
1218 4789 1414 4869 prouinciam
1436 4790 1630 4870 opprimeret
1656 4792 1742 4853 facta
1764 4811 1833 4855 mo·

207 4899 305 4973 tione,
328 4897 383 4960 sed
405 4895 504 4976 magis
525 4903 557 4958 et
577 4895 699 4958 ablatas
720 4897 951 4960 Rauennatium
973 4896 1066 4959 urbes
1086 4895 1146 4956 sibi
1166 4896 1336 4959 redonaret
1356 4896 1450 4958 simul
1480 4902 1512 4959 et
1546 4901 1684 4959 castrum
1705 4897 1834 4961 (lesina-

207 5024 314 5070 cenae.

723 5371 850 5419 nornen
869 5348 1063 5420 uraemanrs
1084 5369 1244 5419 raunorrr.

129 5689 474 5837 lipppipppprrphpguipb)
488 5687 651 5754 recedebat.
689 5688 725 5758 (o)
739 5685 835 5756 Venit,
851 5686 938 5744 uenit.
976 5687 1016 5760 (d)
1031 5688 1114 5746 llnas.
1152 5689 1189 5758 (a)
1204 5693 1237 5745 B.
1255 5687 1458 5764 proditionem.
1496 5685 1632 5764 billeis.
1671 5689 1709 5762 (p)
1724 5686 1837 5812 explet?
1875 5713 1881 5724 .
