4052 6164
122 277 197 341 teas
516 279 701 342 HISTORIA
723 279 775 341 DE
796 279 898 343 vltls
921 281 1016 344 ROM.
1039 281 1156 359 Pons.
1170 313 1209 325 -
1224 279 1256 343 S.
1279 280 1355 343 Leo
1376 277 1427 343 tv.
1555 289 1559 308 ¹
1741 279 1819 344 teat

190 413 297 468 sancte
310 410 360 467 Dei
372 409 526 467 Genitricis
541 410 637 466 Marica
653 411 681 465 in
694 410 818 480 AEmilia,
831 429 894 486 quae
908 413 955 470 via
970 411 1084 470 Aurelia
1099 417 1295 485 nuncupatur.
1306 416 1415 469 vestem
1427 413 1462 470 de
1478 413 1597 471 lundata
1613 429 1712 470 unam.
1730 411 1821 470 Simi-

189 509 256 565 liter
270 513 299 566 et
312 509 343 565 in
357 508 486 565 Ecclesia
502 509 594 564 sancti
606 509 756 581 Stephani,
768 509 819 565 ubi
829 528 928 583 supra,
940 511 1047 568 obtulit
1061 511 1148 567 eliam
1164 513 1273 566 vestem
1285 511 1320 566 de
1332 511 1451 567 lundata
1466 529 1566 569 unam.
1580 513 1659 568 Idem
1673 528 1741 567 vere
1754 527 1824 585 pre·
1933 573 1943 578 ,

188 607 285 666 clarus
308 611 338 664 et
361 607 506 663 almificus
523 606 639 679 praesul,
648 625 774 680 superna
785 613 932 680 protectus
940 610 1049 677 dextra,
1057 625 1149 682 usque
1159 607 1189 662 in
1200 607 1249 663 Dei
1259 623 1374 679 semper
1385 609 1501 665 servitio
1511 609 1624 666 sincero
1635 625 1823 684 perseverans

133 709 170 764 20
189 705 297 774 animo,
310 707 375 778 post
386 703 494 760 multas
505 705 598 760 bonas
609 705 746 772 actiones,
760 705 836 761 beati
853 705 982 763 Silvestri
996 712 1025 761 et
1039 705 1154 762 Martini
1166 705 1425 776 occlesiem,quam
1438 706 1563 763 domnus
1575 706 1695 779 Sergius
1710 707 1821 779 prede-

188 821 287 861 cessor
301 805 364 874 ejus
376 800 488 858 noviter
502 801 538 856 ab
553 801 621 856 imis
637 801 838 868 edificaverat,
852 803 953 858 multis
965 801 1081 875 quidem
1099 802 1287 874 pulchrisque
1300 802 1446 858 decoravit
1461 819 1493 858 ac
1501 803 1638 876 depinxit
1653 803 1819 861 coloribus:

189 902 275 973 cujus
284 879 371 955 etiarn
388 897 575 971 pulchritudo
586 915 722 971 magnam
736 916 828 972 usque
838 899 924 955 hodie
934 899 1073 956 humanis
1086 899 1178 956 oculis
1192 900 1414 955 admirationem
1427 904 1554 972 prestet.
1566 901 1639 956 Nem
1650 905 1678 956 et
1687 901 1821 972 ejusdem

188 997 352 1055 venerabile
367 1012 541 1068 sacrumpue
557 994 647 1051 altare
661 1013 695 1051 ex
710 999 829 1069 argento
846 995 990 1052 investivit
1012 1012 1045 1051 ee
1061 995 1206 1051 decoravit
1222 996 1391 1070 purissimo,
1407 1013 1529 1068 pensan.
1545 996 1637 1053 libras
1660 1002 1777 1054 centum
1793 1000 1823 1054 ei

190 1095 347 1152 sexdecim.

224 1193 301 1251 aas
317 1191 511 1259 Quamobrem
523 1195 588 1264 post
599 1190 720 1263 pulchre
731 1206 764 1245 ec
776 1188 935 1246 laudabilia
946 1189 1125 1246 diversarum
1138 1190 1326 1247 ecclesiarum
1339 1191 1389 1247 Dei
1403 1190 1547 1264 opuscula
1557 1209 1621 1264 que
1635 1190 1742 1264 presul
1757 1207 1822 1247 ms-

188 1290 313 1364 gnideus
327 1292 389 1345 tota
403 1287 494 1344 animi
509 1287 659 1344 devotione
673 1287 793 1360 peregit,
806 1305 842 1343 ne
852 1287 1034 1343 Christianus
1046 1286 1172 1360 populus
1183 1287 1312 1361 amplius
1323 1289 1352 1344 in
1364 1289 1607 1346 centumcellensi
1620 1293 1716 1346 castro
1726 1288 1763 1344 ab
1773 1287 1824 1344 ho·

188 1388 282 1445 stibus
297 1386 450 1459 deperiret,
463 1385 548 1440 sicuti
565 1401 639 1456 saepe
653 1383 714 1439 deri
725 1384 847 1451 solebat,
860 1383 962 1439 ellecit.
976 1385 1049 1440 Nam
1065 1401 1116 1456 per
1128 1385 1321 1458 quadraginta
1332 1402 1424 1442 annos
1434 1385 1499 1458 ipsa
1509 1385 1609 1443 civitas
1621 1384 1714 1442 muris
1724 1385 1823 1441 diruta

193 1489 223 1542 et
236 1485 398 1541 habitatore
412 1482 529 1555 proprio
546 1480 686 1538 destitute
702 1481 990 1554 manebat,moreque
1005 1481 1290 1548 bestiarum,relictis
1304 1483 1423 1540 sedibus
1438 1483 1564 1556 propriis
1579 1485 1615 1540 ob
1625 1483 1761 1540 timorem
1772 1483 1823 1540 Sa·

151 1587 170 1642 5
188 1585 406 1648 racenorem,ut
416 1580 578 1653 usquejam
590 1579 697 1633 laetum
716 1580 817 1646 suerat,
829 1596 881 1650 per
893 1597 983 1652 opaca
993 1578 1132 1635 silvarum
1147 1583 1321 1652 montesque
1333 1580 1496 1654 incognitas
1506 1597 1562 1637 sua
1573 1580 1722 1637 domicilia
1731 1597 1826 1656 popu7

188 1683 244 1750 lus,
256 1681 307 1754 qui
323 1677 440 1735 relictus
451 1678 486 1733 ab
502 1677 545 1733 eis
560 1677 663 1743 luerat,
675 1676 848 1733 aberrabat:
863 1677 890 1731 in
907 1677 1016 1750 quibus
1029 1677 1117 1732 etiam
1133 1694 1191 1750 pre
1203 1676 1308 1733 timore
1323 1677 1508 1734 inimicorum
1519 1678 1623 1734 diebus
1638 1695 1671 1734 ac
1685 1677 1822 1735 noctibus

188 1797 241 1836 nec
257 1794 389 1851 soporem
405 1775 507 1846 oculis,
518 1791 571 1830 nec
587 1773 676 1830 ullam
688 1775 773 1846 juxta
788 1774 948 1830 humanam
965 1775 1206 1831 consuetudinem
1219 1774 1345 1850 quietem
1358 1775 1402 1831 vel
1414 1775 1560 1831 modicam
1575 1776 1682 1832 babere
1696 1779 1820 1848 poteret.

187 1878 319 1952 Cumque
334 1881 394 1932 tem
405 1874 471 1947 pius
481 1876 509 1928 et
519 1870 676 1928 laudabilis
687 1871 792 1945 presul
805 1873 839 1928 de
849 1871 966 1927 illorum
978 1871 1156 1944 gravamine,
1165 1877 1251 1944 atque
1264 1872 1437 1927 intolerabili
1450 1871 1574 1929 nimium
1587 1872 1734 1945 angustia,
1745 1870 1822 1928 ultra

188 1976 308 2032 modum
323 1978 352 2030 et
367 1971 524 2046 plusquam
540 1969 616 2026 credi
632 1973 736 2042 potest,
748 1969 877 2042 quotidie
892 1968 1068 2041 condoleret,
1085 1969 1186 2025 multis
1201 1987 1267 2026 cum
1290 1968 1426 2042 lacrymis
1441 1971 1624 2042 infinitisque
1637 1969 1819 2026 orationibus

132 2077 169 2131 10
187 2073 344 2130 Dominum
356 2065 783 2126 rerumomniumconditorem
793 2067 1004 2139 deprecabatur
1014 2067 1182 2136 assidue,ut
1192 2066 1300 2124 eidone
1310 2068 1475 2142 gratiaesue
1485 2068 1819 2142 dignareturostendere

186 2189 244 2244 quo
259 2171 288 2225 in
305 2169 367 2224 loeo
383 2184 434 2240 pro
449 2165 543 2223 salute
558 2170 587 2221 et
601 2163 770 2220 liberatione
786 2165 886 2221 erebro
898 2163 966 2220 dicti
977 2164 1135 2220 Christiani
1151 2164 1251 2238 populi
1263 2164 1520 2222 Centumcellensis
1532 2165 1633 2221 civitas
1648 2165 1758 2222 mutari
1769 2182 1822 2239 pe-

185 2268 301 2326 tuisset.
312 2267 354 2323 Ad
370 2281 459 2339 quarn
474 2263 537 2336 ipse
553 2263 701 2335 proiectus
717 2261 789 2324 loca,
801 2279 864 2333 que
881 2259 905 2316 ei
922 2261 1065 2317 affinitate
1080 2267 1163 2318 erant
1184 2263 1350 2334 conjuncta,
1364 2261 1494 2334 diligenti
1511 2279 1581 2318 cura
1595 2279 1628 2318 eo
1643 2263 1741 2318 studio
1756 2279 1822 2335 per-

187 2365 259 2422 vidit
273 2369 360 2436 etque
375 2360 535 2434 conspexit.
548 2361 602 2416 Sed
619 2359 669 2416 ubi
684 2359 766 2414 loeus
778 2358 931 2414 videbatur
944 2359 1068 2415 idoneus
1083 2360 1118 2416 ad
1136 2359 1237 2416 urbem
1249 2359 1460 2428 edificandam,
1472 2377 1554 2433 aque
1566 2361 1719 2434 gestabant
1733 2376 1822 2432 penu·

192 2466 278 2534 riam,
294 2477 357 2534 que
373 2456 544 2516 bominibus
560 2474 675 2530 semper
690 2457 762 2512 setis
777 2459 821 2512 est
836 2455 1009 2511 necessaria.

220 2561 297 2618 Scit)
313 2555 478 2630 Peragratis
493 2553 740 2628 igiturcmnibns‚
752 2556 785 2608 ut
799 2552 998 2626 prediximus,
1011 2551 1093 2620 loeis,
1106 2554 1237 2625 pervcnit
1249 2556 1366 2610 tandem
1381 2555 1478 2610 divina
1493 2555 1606 2611 favente
1622 2553 1824 2611 misericordia

189 2660 225 2715 ad
235 2657 332 2713 locum
344 2654 488 2727 optimum
499 2651 641 2722 valdeque
657 2649 816 2718 munitum,
828 2666 983 2722 superque
995 2666 1068 2705 suus
1081 2650 1207 2706 maxime
1217 2655 1262 2706 est
1274 2650 1391 2708 animus
1402 2651 1629 2724 dilatetus,quia
1640 2655 1668 2706 ct
1678 2667 1822 2724 equarum

73 2749 77 2754 ’
187 2757 303 2830 copiam
317 2754 353 2810 ed
370 2750 511 2825 populum
527 2747 762 2814 confortandum,
778 2751 807 2802 et
821 2750 940 2802 ceteras
965 2745 1105 2802 utilitates
1122 2745 1278 2814 humanas,
1295 2749 1517 2821 equimulesquo
1542 2747 1683 2805 molentes
1698 2747 1823 2820 pleniter

185 2851 437 2912 subministrabat.
446 2849 555 2903 'lemen
567 2861 625 2918 quo
641 2843 726 2900 modo
737 2841 781 2898 vel
792 2842 893 2900 ordine
907 2843 962 2898 hoc
977 2846 1006 2898 et
1021 2842 1120 2899 divine
1129 2844 1288 2906 ostenderit
1303 2844 1467 2914 clementia,
1480 2846 1601 2919 dignum
1613 2849 1657 2901 est
1667 2848 1700 2901 ut
1711 2845 1747 2902 ad
1761 2861 1822 2902 me-

149 2956 168 3012 5
185 2951 310 3010 moriem
325 2953 353 3004 et
367 2947 484 3002 laudern
499 2942 654 3000 venerandi
670 2940 817 3014 pontificis
829 2941 925 2996 omnis
941 2938 1068 3012 populus
1082 2942 1182 2997 credat
1192 2941 1332 2998 veraciter
1344 2945 1373 2997 et
1388 2942 1635 3016 cognoscet,quod
1646 2943 1744 3000 divino
1756 2958 1824 2999 con·

187 3051 252 3107 silio
268 3051 296 3105 et
310 3045 445 3103 consultu
462 3059 536 3115 opus
552 3042 602 3096 diu
618 3039 796 3113 exquisitum
810 3039 944 3094 ellectum
961 3041 1015 3092 est.
1031 3038 1118 3094 Nocte
1129 3037 1255 3112 denique
1267 3039 1393 3111 quadam
1405 3041 1475 3096 dum
1492 3039 1600 3097 lectulo
1615 3039 1827 3114 propriojuxta

186 3162 298 3203 morem
310 3136 816 3216 preclarusjaceret‚antistes,etde
827 3134 985 3201 divinis‚ut
995 3134 1440 3210 solet,opusculiscogitaret,nd
1450 3137 1820 3210 previsumetordinatum

186 3245 244 3316 iam
260 3235 424 3310 locum,qui
440 3234 612 3291 duodecimo
624 3251 640 3289 a
650 3231 892 3288 centumcellensi
906 3231 976 3286 urbe
986 3230 1122 3287 milliario
1133 3233 1231 3301 distet,
1248 3233 1278 3288 in
1295 3235 1406 3291 somnis
1421 3237 1580 3307 perductus
1595 3240 1649 3305 est,
1661 3239 1690 3292 et
1701 3235 1824 3309 singule

185 3341 250 3398 loca
265 3337 381 3395 cuidam
393 3335 476 3391 Petro
488 3333 629 3405 magistro
641 3329 766 3385 militum
779 3327 862 3401 quasi
874 3345 925 3401 per
939 3329 1118 3400 corporalem
1130 3331 1313 3403 presentiam
1326 3332 1355 3387 in
1367 3333 1431 3405 ipse
1441 3332 1613 3390 revelatione
1624 3349 1675 3406 per
1687 3333 1820 3389 ordinem

129 3443 167 3499 10
187 3433 406 3498 demonstravit,
417 3430 467 3486 ubi
482 3428 618 3485 ecclesias
636 3431 665 3510 et
680 3427 728 3483 ubi
745 3431 845 3499 portas
860 3443 894 3481 ex
909 3424 1067 3497 pontificali
1084 3427 1229 3498 adjutorio
1248 3429 1371 3485 sundere
1387 3433 1415 3486 et
1429 3434 1597 3487 construere
1612 3429 1771 3486 debuisset.
1787 3430 1823 3486 st

189 3537 259 3610 quia
270 3551 327 3606 prae
341 3529 395 3586 loci
407 3527 543 3601 angustia
555 3543 612 3581 noa
623 3524 731 3581 ibidem
745 3522 802 3578 nisi
813 3523 877 3577 duae
891 3525 979 3594 porta
991 3525 1190 3580 construenda
1201 3529 1293 3594 erant,
1305 3526 1335 3580 in
1347 3526 1410 3598 ipsa
1422 3544 1528 3583 arcana
1538 3526 1711 3584 revelatione
1722 3525 1823 3600 digitis

185 3631 312 3706 propriis
327 3625 484 3684 adnotavit.
495 3623 580 3679 Mene
592 3625 691 3678 eutem
704 3622 789 3688 laeto,
802 3637 854 3693 pro
865 3619 979 3676 somnio
990 3622 1066 3693 quod
1078 3621 1189 3678 viderat
1199 3641 1306 3696 magua
1319 3625 1405 3712 caepit
1416 3624 1522 3681 habere
1532 3625 1740 3693 certamine‚et
1749 3640 1822 3696 proe-

186 3729 370 3786 nominatum
387 3727 505 3779 Petrum
521 3721 557 3776 ad
572 3737 655 3775 saram
673 3717 750 3774 illico
762 3717 854 3790 jussit
868 3717 964 3772 venire
985 3720 1182 3791 presentiam,
1195 3721 1237 3776 eei
1256 3721 1400 3795 quidquid
1416 3723 1444 3778 in
1461 3723 1573 3779 somnis
1587 3723 1699 3779 viderat
1713 3721 1823 3792 retulit,

186 3828 352 3895 multosque
363 3826 391 3878 et
404 3820 434 3875 in
446 3821 564 3892 argento
575 3833 729 3872 mancosos
745 3815 876 3888 prebuit,
885 3818 919 3869 ut
933 3816 1076 3871 conducto
1093 3816 1199 3889 populo
1211 3819 1470 3876 centumcellensis
1480 3819 1573 3885 urbis,
1585 3836 1653 3875 cum
1664 3819 1706 3874 cis
1718 3819 1822 3874 urbem

131 3931 168 3985 15
188 3923 375 3982 festinantius
391 3917 528 3991 perficere
544 3913 701 3969 debuisset.
716 3917 756 3967 Ac
769 3912 826 3966 Deo
837 3911 956 3982 quidem
972 3913 1090 3984 auspice
1104 3913 1144 3968 ite
1167 3932 1244 3970 nuno
1259 3916 1357 3971 omnia
1372 3917 1515 3972 aedificate
1530 3915 1685 3984 nitescunt,
1698 3915 1775 3972 sicut
1790 3915 1820 3970 in

187 4037 290 4078 somno
306 4033 380 4091 papa
395 4009 550 4068 laudabilis
565 4026 655 4063 manu
671 4007 788 4080 propria
803 4007 983 4080 designavit:
997 4009 1042 4068 cui
1059 4025 1092 4062 ex
1108 4009 1225 4065 nonrine
1242 4010 1357 4083 proprio
1373 4011 1521 4083 Leopolim
1538 4027 1644 4066 nomon
1664 4009 1819 4082 imposuit;

187 4121 221 4177 nd
237 4132 338 4191 quam,
349 4115 506 4186 postquam
518 4105 654 4162 edificari
670 4108 806 4176 coeperat,
819 4105 854 4159 ad
866 4104 1020 4160 videndam
1031 4109 1060 4160 et
1070 4104 1312 4162 considerandam
1324 4107 1465 4163 fabricam
1476 4125 1543 4164 cum
1555 4125 1678 4164 suorum
1690 4106 1821 4162 fidelium

187 4212 376 4273 multitudine
390 4211 522 4265 amanter
535 4201 751 4260 accessitNisis
763 4199 889 4274 denique
902 4202 992 4274 portis
1004 4207 1033 4258 et
1048 4201 1188 4270 ecclesiis,
1203 4204 1231 4258 in
1247 4203 1319 4276 ipsis
1331 4204 1497 4276 specialiter
1507 4204 1577 4260 loeis
1588 4205 1665 4260 siout
1680 4208 1825 4261 monstra·

187 4315 278 4376 verat,
290 4314 318 4365 et
335 4323 422 4364 suum
433 4303 545 4358 Christo
561 4303 729 4374 protegente
744 4297 923 4354 desiderium
935 4299 1138 4371 adimpletum.
1151 4301 1342 4372 omnipotenti
1354 4302 1477 4358 Domino
1488 4302 1599 4375 gratiss
1616 4300 1718 4358 retulit
1734 4301 1819 4357 innui

131 4415 169 4469 20
189 4407 299 4480 tas‚qui
311 4380 340 4461 ei
355 4402 443 4459 talem
455 4400 606 4456 ostendere
621 4396 718 4452 locum
732 4395 933 4468 dignatusest,
946 4396 976 4451 in
993 4413 1048 4468 quo
1064 4401 1092 4451 et
1107 4396 1233 4469 populus
1248 4398 1347 4454 salvus
1362 4399 1504 4467 existeret,
1515 4404 1544 4454 et
1554 4399 1590 4455 ad
1604 4398 1816 4455 abundantiam

188 4507 261 4563 inibi
277 4501 457 4559 ministraret
470 4497 557 4554 etiam
573 4494 684 4567 lapides
700 4499 727 4550 et
743 4497 1024 4566 arenam,quateaus
1040 4494 1102 4550 sine
1118 4493 1216 4552 labore
1241 4497 1440 4569 operariorum
1467 4497 1578 4552 noviter
1599 4499 1767 4553 constructa
1782 4496 1825 4552 l'e·

188 4603 270 4661 brien
285 4601 475 4672 augmentum
492 4593 639 4668 percipere
654 4590 805 4663 potuisset.

228 4700 303 4758 55⁰
318 4695 441 4754 (invisus
456 4710 491 4748 ex
505 4691 552 4746 his
567 4689 705 4746 omuibus
721 4687 823 4744 urbem
839 4686 986 4759 Lecpolim
1004 4688 1177 4761 sepedictus
1192 4692 1320 4764 pontifex
1337 4691 1446 4748 litaniis
1461 4698 1490 4749 et
1504 4692 1684 4750 orationibus
1700 4691 1825 4765 pedibus

191 4796 317 4875 propriis
332 4791 474 4858 circuivit,
486 4789 639 4859 tribusque
654 4784 836 4840 orationibus
847 4783 876 4838 in
888 4787 1008 4842 modum
1020 4787 1173 4844 Trinitatis
1185 4789 1390 4860 perpetualiter
1401 4792 1594 4860 consecravit;
1610 4790 1780 4858 missarum,
1792 4794 1827 4847 ut

191 4896 296 4955 solitus
312 4887 525 4958 erat,olficium
548 4885 601 4940 rite
625 4880 801 4955 persolvens,
813 4885 841 4936 et
856 4899 960 4954 aquam
989 4883 1171 4941 benedictam
1197 4902 1248 4958 per
1271 4903 1371 4944 muros
1394 4888 1500 4960 jactari
1524 4888 1751 4962 precipiensllt
1766 4903 1825 4944 non

191 4993 336 5052 modicam
353 4986 490 5045 manibus
506 4981 630 5056 propriis
645 4997 703 5053 prae
719 4979 829 5034 ameris
842 4979 1044 5052 magnitudino
1059 4982 1194 5038 universo
1205 4983 1311 5056 populo
1322 5001 1422 5056 rogam
1433 4984 1584 5040 distribuit
1595 5002 1602 5041 :
1614 4984 1826 5041 commendans

153 5095 172 5149 5
192 5085 385 5162 omnipotenti
401 5082 521 5140 Domino
538 5077 689 5152 populum,
701 5081 730 5131 et
744 5075 889 5130 civitatem
904 5075 1043 5133 divinitus
1056 5080 1295 5146 demonstratam,
1307 5098 1343 5136 nc
1356 5099 1487 5152 unquam
1496 5084 1532 5140 ab
1547 5082 1683 5140 hostibus
1694 5081 1827 5154 capietur

191 5187 236 5244 vcl
252 5185 416 5242 invadatur.
428 5179 480 5236 His
507 5176 645 5232 omnibus
661 5171 846 5245 perpetratis,
864 5173 899 5228 ad
916 5174 1014 5228 aedcm
1031 5191 1115 5230 suam
1132 5194 1197 5232 eum
1213 5177 1325 5251 ingenti
1354 5178 1455 5234 letitia
1482 5183 1511 5236 et
1539 5180 1696 5247 alacritate,
1714 5177 1826 5235 Christo

193 5281 361 5347 auxiliante,
378 5292 511 5334 reversus
522 5277 575 5340 est,
588 5271 692 5342 dieque
703 5268 892 5341 superaddito
903 5270 1016 5326 decimo
1033 5272 1136 5343 quinto
1151 5275 1247 5330 omnis
1260 5293 1411 5332 murorum
1423 5279 1552 5334 ambitus
1566 5275 1727 5348 completus
1738 5279 1826 5347 etque

193 5381 339 5460 perlectus
354 5379 407 5444 est,
419 5389 495 5429 enno
512 5368 685 5444 praesulatus
702 5366 747 5421 sui
763 5371 872 5434 octavu,
891 5366 1049 5424 indictione
1065 5372 1202 5428 secunda.

231 5476 304 5533 est
320 5473 375 5530 Sed
386 5476 414 5527 et
429 5469 458 5525 in
473 5465 605 5524 ecclesiis
615 5481 688 5536 quas
703 5462 811 5518 ibidem
823 5463 889 5518 fecit
904 5465 995 5520 multa
1009 5467 1084 5522 (lona
1096 5468 1197 5522 obtulit
1213 5487 1219 5524 :
1233 5471 1263 5525 ln
1276 5471 1538 5529 ccclrsiavidelicet
1548 5468 1641 5526 sancti
1651 5467 1725 5524 Petri
1737 5469 1826 5542 gebe-

126 5559 137 5568 ·
195 5575 263 5631 thas
277 5591 312 5628 ex
322 5573 441 5644 argento
454 5564 553 5622 fusiles
565 5563 700 5633 majores,
713 5561 895 5632 rainere-sque
907 5569 1029 5634 septem,
1044 5583 1163 5636 pensan.
1176 5568 1284 5638 pariter
1295 5568 1383 5625 libras
1394 5568 1538 5625 sexdecim
1551 5570 1579 5622 ot
1590 5566 1706 5621 unciam
1719 5583 1826 5637 unam;

196 5670 367 5728 cantharam
382 5666 550 5723 exauratam
567 5677 667 5725 uuam,
679 5659 787 5713 baucas
802 5663 955 5714 exauratas
970 5664 1043 5728 tros;
1061 5663 1227 5719 filorrlatorie
1242 5669 1363 5736 majora,
1380 5670 1408 5719 et
1423 5665 1535 5718 minore
1550 5664 1692 5735 quinque;
1710 5679 1827 5720 crucem

196 5787 231 5826 cx
247 5771 366 5840 argento
382 5765 551 5821 deauratam
568 5772 738 5822 unam‚eum
754 5750 869 5828 gemma
885 5758 1031 5814 unaltcm
1048 5760 1134 5816 aliam
1152 5779 1267 5816 erucam
1281 5764 1314 5816 do
1327 5778 1396 5815 arrro
1413 5777 1511 5824 traam,
1522 5761 1679 5818 habentem
1689 5761 1719 5816 in
1731 5760 1829 5818 medio

160 5870 179 5925 5
197 5863 411 5933 monocossim3
427 5865 455 5918 et
469 5859 558 5916 aliam
573 5869 687 5910 crucem
703 5869 737 5908 cx
752 5857 882 5926 argente,
899 5857 1088 5926 numeratim,
1102 5857 1256 5914 habentem
1273 5873 1404 5930 gemmas
1420 5859 1629 5933 quadraginta3
1647 5857 1832 5915 thuribulum

198 5980 320 6025 aureum
335 5964 506 6020 exauratam
522 5969 626 6019 unum,
640 5952 769 6008 dextram
786 5952 929 6009 saxiacum
952 5971 1051 6023 unam,
1069 5973 1190 6012 coronas
1212 5971 1314 6012 aureas
1330 5943 1495 6026 duodecim,
1509 5957 1665 6030 gabatham
1681 5972 1782 6028 uuam,
1801 5961 1832 6015 et
