4048 6174
99 212 178 276 'w
467 213 651 278 HISTORIA
671 213 722 278 itit
745 211 847 278 virts
869 215 964 279 ROM.
986 213 1103 279 PON'f.
1120 249 1159 262 -
1173 215 1484 284 constantinus.
1767 225 1827 286 950

198 345 598 428 pingoeqrrettarnnnam
621 365 678 426 pro
700 348 765 411 suis
786 346 1017 412 nefandissimis
1038 349 1128 412 factis
1146 347 1265 430 judicio
1286 352 1342 413 Dei
1362 351 1426 414 illic
1448 355 1629 436 turpissima
1651 320 1750 420 morte
1773 379 1827 422 oc·

156 464 178 522 ὅ
200 460 321 524 cubuit.
343 461 498 544 Georgius
518 479 593 525 uero
614 464 779 546 presbyter
799 465 932 546 Neapoli
954 466 1080 528 relictus
1101 473 1159 542 est,
1183 472 1213 528 et
1234 467 1376 547 pontifex
1398 485 1470 530 cum
1499 471 1563 533 suis
1590 473 1730 534 Siciliam
1753 493 1826 555 per-

199 577 293 653 rexit,
316 577 576 641 ubi't'heodorus
597 580 748 660 patricius
769 581 939 644 extraticus
963 583 1003 664 (ε)
1023 582 1177 662 languore
1205 583 1351 644 detentus
1379 603 1546 648 occurrens
1577 589 1728 668 pontiflci,
1757 608 1823 651 ma-

198 711 263 775 gna
282 701 355 756 cum
377 695 580 757 veneratione
601 695 741 758 salutans
763 702 857 778 atque
878 697 1063 778 suscipiens,
1086 698 1243 760 medelam
1266 697 1401 778 adeptus
1423 704 1470 759 est
1490 700 1634 763 celerem.
1659 707 1760 783 Atque
1781 705 1828 766 in-

191 809 239 872 ·de
259 809 425 889 egrediens
445 827 502 890 per
515 809 709 892 Regiumet
729 811 910 886 Cortonam,
941 813 1156 874 transfretavit
1186 813 1377 894 Gallipolim,
1402 814 1456 876 ubi
1478 822 1620 878 mortuus
1642 824 1689 878 est
1717 818 1826 880 Nicetn

200 907 379 989 episcopus.
401 910 483 969 Dum
506 927 580 970 vero
601 909 759 990 ilydrunti
780 927 884 972 moras
905 911 1035 986 faceret,
1058 930 1095 974 eo
1117 912 1201 992 quod
1226 912 1326 974 hiems
1347 919 1425 988 erat,
1443 913 1507 975 illio
1529 915 1666 994 suscepit
1687 916 1824 996 sigillum

136 1020 180 1081 to
198 1021 364 1102 imperiale
385 1040 442 1102 par
462 1021 705 1104 'theophanium
726 1024 951 1106 regionarium,
974 1025 1140 1086 continens
1161 1026 1207 1087 ita
1225 1031 1261 1087 ut
1281 1027 1336 1087 ubi
1360 1025 1401 1108 (b)
1422 1027 1644 1090 denominatus
1666 1031 1826 1110 continge-

196 1143 251 1200 εει
273 1135 310 1219 (ε)
330 1137 485 1218 pontifex,
509 1156 619 1202 omnes
640 1138 758 1218 judices
778 1139 825 1201 ita
845 1157 918 1201 eum
938 1139 1113 1202 honorifice
1133 1140 1339 1220 susciperent,
1361 1142 1452 1221 quasi
1482 1143 1586 1222 ipsum
1617 1145 1824 1224 presentiali-

202 1257 252 1316 ter
271 1252 496 1333 imperatorem
517 1251 672 1316 siderent.
696 1253 785 1318 Unde
807 1253 924 1334 egressi
945 1266 1050 1335 partes
1072 1254 1199 1316 Graeciae
1220 1255 1447 1334 contingentes,
1471 1256 1503 1317 in
1531 1257 1634 1318 insula
1656 1277 1727 1338 qum
1748 1259 1825 1320 dici-

192 1375 255 1432 -tur
276 1370 348 1432 Cres
367 1368 504 1430 occurrit
525 1367 734 1450 'fbaophilius
754 1369 905 1448 patricius
927 1369 1097 1432 extraticus
1118 1369 1160 1450 (d)
1183 1370 1450 1432 caravisianorum
1473 1371 1509 1453 (e)
1532 1391 1603 1432 cum
1627 1391 1749 1434 summo
1771 1373 1828 1436 ho

202 1503 279 1547 nore
300 1502 372 1546 cum
395 1483 542 1564 suscepit,
566 1489 598 1546 et
618 1485 811 1565 amplectens
832 1490 869 1548 ut
888 1484 986 1565 jussio
1005 1484 1199 1559 εοιιιίιιειιει,
1224 1485 1285 1547 iter
1305 1484 1441 1548 absolvit
1461 1505 1612 1567 peragere
1635 1493 1827 1567 omptume

137 1601 182 1662 15
202 1619 267 1682 quo
288 1598 358 1662 loco
381 1598 567 1679 navigantes
586 1606 743 1664 venerunt
770 1619 789 1662 a
816 1600 950 1682 septimo
979 1601 1126 1662 milliario
1147 1601 1472 1681 Constantinopolim
1495 1601 1550 1662 ubi
1571 1619 1713 1680 egressus
1733 1602 1824 1663 Tibe-

203 1717 269 1780 rius
284 1715 473 1797 imperator,
496 1715 579 1778 tilius
599 1717 767 1780 iustiniani
787 1717 932 1797 Augusti,
953 1733 1027 1778 eum
1048 1716 1188 1795 patriciis
1210 1721 1242 1776 et
1262 1716 1408 1776 omnibus
1429 1716 1566 1796 inclytis,
1590 1724 1622 1777 st
1643 1720 1742 1797 Cyrus
1767 1736 1825 1798 pa-

203 1830 343 1896 triarcha
363 1848 435 1892 cum
455 1831 540 1893 clero
561 1835 594 1894 ct
614 1830 724 1912 populi
746 1830 957 1907 multitudine,
981 1847 1092 1894 omnes
1112 1830 1256 1892 taeuntcs
1278 1837 1309 1892 et
1329 1831 1413 1894 diem
1439 1833 1552 1894 festum
1579 1838 1718 1911 agentes.
1742 1835 1826 1895 Pon-

94 2009 110 2022 „
203 1947 281 2010 tifex
300 1951 406 2010 autem
428 1949 460 2008 ει
480 1944 549 2024 ejus
571 1945 721 2026 primates
742 1964 814 2006 cum
835 1945 1001 2008 sellaribas
1021 1945 1249 2025 imperialibus,
1273 1945 1358 2006 saltis
1385 1952 1416 2007 et
1443 1946 1540 2007 irenis
1561 1947 1712 2007 inauratis
1733 1948 1825 2007 simul

200 2068 237 2128 et
256 2061 415 2144 mappulis
435 2061 664 2140 ingressisunt
684 2061 855 2124 civitatem.
883 2060 1083 2142 apostolicus
1111 2061 1252 2142 pontifex
1280 2079 1352 2122 cum
1381 2063 1594 2141 Caumelsugo
1616 2060 1672 2142 (Ῑ),
1696 2067 1731 2122 ut
1750 2061 1826 2122 soli-

130 2180 183 2244 ·20
204 2184 255 2241 tus
273 2179 452 2240 estftomre
474 2175 656 2256 procedere,
690 2195 709 2238 a
740 2177 858 2258 palatio
886 2189 1041 2258 egressus,
1063 2177 1095 2238 io
1127 2175 1283 2238 Placidias
1311 2193 1410 2257 usque
1439 2176 1493 2237 ubi
1521 2175 1654 2256 placitus
1682 2155 1750 2239 erat
1770 2175 1824 2258 (p),

204 2292 396 2378 properauit.
1316 2373 1320 2381 ,

234 2417 328 2472 ,m
349 2409 620 2472 Domnusautem
641 2407 839 2472 Jusnntanus
866 2406 1051 2488 imperator,
1081 2406 1213 2470 audiens
1240 2405 1310 2486 ejus
1340 2406 1523 2481 adventurn,
1547 2422 1662 2486 magno
1693 2406 1830 2487 repletus

200 2525 510 2610 gaudiofa1Nicma
538 2523 693 2605 Bithynia
721 2525 810 2586 misit
829 2541 952 2586 sacram
973 2522 1013 2606 (ι)
1037 2524 1209 2603 gratiarum
1231 2523 1353 2584 actione
1384 2522 1510 2603 planum
1539 2539 1546 2580 ε
1577 2524 1616 2582 tlt
1642 2527 1676 2582 ut
1701 2522 1828 2584 debuis-

192 2648 254 2706 set
270 2642 415 2724 pontifex
434 2657 600 2702 occurrere
622 2638 854 2711 Nicomediam,
885 2643 917 2699 et
944 2638 1011 2718 ipse
1040 2636 1145 2699 venire
1167 2637 1201 2717 (ι)
1224 2655 1242 2696 a
1270 2637 1383 2708 Nicaea,
1408 2636 1546 2716 quodsi
1565 2638 1683 2696 lactum
1710 2643 1768 2696 est.
1793 2637 1827 2698 ln

205 2757 257 2824 die
273 2764 383 2820 autem
398 2773 469 2836 ‘qua
486 2774 523 2819 se
543 2752 711 2834 vicissim(
712 2753 745 2836 J)
766 2752 923 2826 viderunt,
946 2750 1410 2832 Augustus·Clrristianissimus
1439 2769 1511 2814 cum
1542 2769 1638 2830 regno
1667 2751 1698 2810 in
1724 2751 1829 2832 capite

158 2877 185 2935 ,5
206 2872 444 2954 scprustmvit,
467 2871 563 2952 pedus
583 2869 728 2932 osculans
750 2867 919 2948 pontificis.
940 2867 1059 2930 Deinde
1079 2868 1112 2928 in
1134 2865 1315 2947 amplexum
1345 2871 1490 2926 mutuum
1514 2865 1554 2947 (Ιι)
1575 2871 1772 2936 corruerunt,
1797 2869 1829 2924 et

207 2991 292 3053 factu
312 2994 359 3052 est
380 2987 490 3050 loetitia
510 3005 627 3065 magna
647 2985 679 3046 in
702 2982 831 3065 populo,
854 2983 1002 3044 omuibus
1023 2981 1246 3062 aspicientibus
1269 2986 1387 3040 tantem
1416 2981 1628 3042 humilitatem
1651 2979 1724 3040 boni
1748 2979 1830 3058 prin·

208 3106 297 3188 cipis.
313 3105 378 3168 :nio
398 3123 472 3168 vcro
493 3101 658 3166 Dominico
681 3101 791 3162 missus
811 3097 994 3179 imperatori
1015 3097 1099 3170 facit,
1123 3101 1154 3158 ει
1174 3096 1411 3160 communicans
1433 3096 1578 3176 princeps
1604 3095 1643 3156 ab
1673 3093 1740 3174 ejus
1762 3111 1829 3153 nra-

208 3223 314 3296 nibus,
337 3238 464 3302 qaoque
484 3217 548 3280 suia
569 3216 690 3278 delictis
711 3219 746 3275 ut
765 3214 988 3294 deprecaretur
1009 3211 1190 3292 pontificem
1212 3211 1387 3291 postulans,
1410 3212 1518 3272 omnia
1540 3209 1703 3290 privilegia
1724 3209 1830 3270 Eccle-

205 3338 261 3400 sioe
283 3334 458 3408 renovavit,
480 3337 576 3414 atque
597 3330 829 3392 sanctissimum
851 3347 967 3410 papam
989 3327 1029 3388 ad
1051 3327 1181 3408 propria
1210 3326 1326 3390 reverti
1356 3327 1502 3388 absolvit.
1526 3327 1676 3406 ligrcssus
1696 3325 1792 3404 igitur
1813 3343 1832 3384 a

137 3456 183 3518 10
206 3452 389 3518 Nicomedia
410 3449 536 3512 civitate
558 3447 675 3511 crebris
696 3445 930 3507 valetudinibus
958 3443 1103 3525 pontifex
1133 3443 1270 3517 attritus,
1300 3443 1440 3516 tandem,
1469 3442 1650 3522 sospitatem
1681 3443 1746 3502 Deo
1776 3439 1832 3500 tri-

205 3569 333 3642 buente,
357 3565 525 3630 incolumis
545 3565 587 3626 ad
608 3568 736 3644 portum
757 3562 872 3624 Gaietae
895 3560 1046 3641 pervenit,
1067 3561 1120 3620 ubi
1141 3560 1317 3621 sacerdotes
1339 3566 1371 3620 et
1393 3558 1564 3619 maximam
1588 3556 1697 3637 populi
1718 3557 1832 3616 ftoma-

206 3687 239 3748 ni
263 3683 378 3766 reperit
397 3680 644 3756 multitudinem,
667 3697 705 3741 ac
729 3677 877 3741 vicesimo
907 3682 1021 3758 quarto
1049 3677 1099 3738 die
1129 3677 1244 3737 mensis
1271 3675 1416 3738 Octobris
1444 3673 1617 3735 indictione
1645 3691 1677 3746 x,
1700 3674 1832 3732 ftomam

210 3807 368 3883 ingressus
387 3803 446 3873 est,
469 3805 499 3860 et
521 3797 624 3860 omnis
645 3795 781 3877 populus
802 3793 972 3856 exsultarit
993 3797 1088 3872 atque
1111 3792 1238 3853 laetatus
1260 3799 1317 3852 est.

252 3925 333 3979 m
356 3915 413 3978 llic
433 3912 508 3976 fecit
529 3913 761 3974 ordinationem
783 3909 1003 3990 episcoporum
1025 3907 1058 3968 in
1080 3906 1183 3968 eundo
1205 3914 1237 3968 ct
1258 3906 1417 3968 redeundo
1441 3923 1496 3987 por
1516 3903 1641 3964 diversa
1662 3901 1732 3962 loca
1753 3900 1836 3980 epis·

216 4053 313 4115 oopos
342 4030 519 4093 duodecim.
550 4030 626 4090 Post
653 4045 776 4089 manses
797 4030 903 4086 nutem
931 4022 1104 4103 3lngubrc
1134 4022 1279 4082 nuntium
1309 4021 1481 4100 personuit,
1519 4017 1604 4098 ‹puod
1638 4015 1835 4078 iustinianus

205 4145 491 4211 christianissimus
510 4143 695 4224 imperator,
718 4147 750 4203 et
770 4141 967 4202 orthodoxus
994 4138 1178 4218 imperator,
1209 4137 1382 4196 trucidatus
1403 4143 1460 4208 est,
1485 4140 1517 4194 et
1541 4131 1738 4210 philippicus
1769 4129 1834 4188 hre-

210 4265 323 4328 reticus
344 4261 376 4325 in
397 4260 554 4342 imperiali
576 4263 738 4342 promotus
760 4263 807 4320 est
827 4275 910 4330 arce,
933 4253 1023 4334 cujus
1044 4260 1075 4315 et
1096 4271 1217 4314 sacrum
1247 4270 1318 4312 oum
1347 4250 1436 4331 pravi
1465 4245 1622 4326 dogmatis
1650 4243 1833 4306 exaratione

164 4387 184 4445 5
210 4378 436 4444 Constantinus
457 4375 605 4455 suscepit,
629 4373 683 4434 sed
704 4391 774 4434 cum
797 4370 978 4452 apostolicae
1006 4369 1088 4431 sedis
1114 4366 1247 4430 consilio
1275 4365 1402 4445 respuit.
1427 4361 1462 4444 (Ι)
1484 4359 1648 4440 liujusqua
1670 4357 1714 4418 rei
1741 4353 1834 4417 eausa

210 4497 278 4558 zelo
300 4495 373 4556 fidei
387 4509 544 4555 accensus
565 4489 667 4550 omnis
688 4495 787 4550 coetus
809 4491 960 4550 llomanae
982 4487 1067 4549 urbis
1089 4485 1273 4563 imaginem,
1289 4501 1384 4562 quam
1407 4479 1506 4542 Graeci
1528 4482 1688 4539 votaraam
1711 4473 1760 4555 (ιιι)
1784 4491 1836 4532 vo

212 4617 298 4686 eant,
320 4629 375 4672 sex
397 4607 609 4671 continentem
633 4607 758 4665 sanctas
779 4619 816 4664 ac
838 4601 1029 4663 universales
1050 4599 1199 4681 synodos,
1222 4599 1254 4658 in
1277 4595 1407 4658 ecclesia
1435 4592 1519 4655 beati
1549 4589 1633 4652 Petri
1655 4591 1836 4650 erexerunt.

211 4727 268 4789 llic
289 4725 398 4788 refecit
420 4728 568 4806 putenam
591 4737 732 4794 auream,
755 4737 886 4800 pensan.
910 4715 965 4778 lib.
989 4716 1166 4778 duodecim.
1190 4713 1308 4775 Eodem
1331 4718 1473 4789 tempore
1506 4707 1592 4770 Felix
1623 4703 1839 4783 archiepisco-

213 4861 272 4924 pus
293 4845 462 4915 ltavannse,
485 4837 526 4900 ob
547 4835 657 4899 exsilio
679 4833 835 4908 reductus,
862 4832 1049 4914 peonitentia
1070 4835 1184 4902 motus,
1202 4829 1275 4889 licet
1296 4825 1458 4888 oculorum
1480 4821 1599 4885 lumino
1622 4819 1776 4900 privatus,
1799 4823 1842 4878 ta-

138 4963 192 5024 ’10
214 4977 286 5020 men
308 4956 350 5019 ad
372 4955 532 5039 propriam
554 4953 647 5016 rediit
668 4950 785 5023 sedem,
810 4953 841 5010 et
862 4947 955 5008 solita
976 4965 1047 5028 qum
1069 4944 1109 5006 ab
1132 4942 1284 5006 universis
1304 4941 1335 5002 in
1358 4939 1472 5001 scrinio
1500 4937 1734 5017 Episcoporum
1763 4933 1844 4992 frunt

214 5073 366 5147 indicula,
388 5078 421 5136 ει
440 5070 515 5134 fidei
535 5067 774 5149 expositionem,
791 5070 824 5126 et
844 5063 896 5125 hic
918 5064 1077 5125 confessus
1098 5067 1156 5135 est,
1179 5059 1286 5138 sicque
1308 5052 1570 5118 reconciliationis
1593 5049 1770 5132 promeruit
1792 5047 1845 5108 ab·

214 5191 420 5254 solutionem.

731 5383 856 5432 IfOTUbAE
877 5381 1069 5430 mansuetas
1090 5376 1251 5426 FABROTTI.

174 5605 428 5682 (a)etStretieus.
467 5603 698 5675 (nouumque.
737 5597 999 5669 (rtrnnrcnirctur.
1037 5597 1077 5664 (d)
1096 5600 1124 5648 et
1146 5595 1296 5666 Stratogus
1321 5592 1356 5674 B..
1391 5590 1426 5671 (ε)
1451 5589 1482 5654 Β,
1507 5579 1769 5641 curavisionorum.
1809 5578 1851 5659 (s)

138 5680 326 5743 Camelauoo.
364 5680 403 5750 (p)
424 5675 627 5748 hospitaturus
651 5677 722 5729 erat.
761 5673 800 5744 (t)
821 5669 985 5743 epistolam.
1024 5671 1058 5738 (t)
1080 5667 1199 5722 venirat.
1237 5665 1270 5736 (j)
1297 5663 1481 5729 B,1nvicem.
1522 5653 1560 5725 (ι)
1580 5655 1690 5707 motuo.
1731 5651 1761 5718 (ι)
1788 5647 1851 5706 Vide

140 5761 248 5814 wan.
265 5751 300 5810 ad
313 5765 380 5808 ann.
398 5749 508 5806 flamini
520 5748 583 5802 711.
621 5749 673 5817 (m)
689 5759 874 5818 pancaream.
