4052 6164
184 247 261 312 1375
754 253 959 314 ANASThSll
982 251 1309 315 DlDthl'lHECAlill.
1812 259 1888 322 1316

251 380 373 441 monitis
388 381 479 458 hujus
493 382 533 458 pii
551 383 644 443 Patris
660 381 777 470 illectus
792 384 966 454 constantia,
984 391 1016 441 ut
1032 403 1134 442 omnes
1149 403 1232 444 asuo
1247 402 1336 462 regno
1352 384 1465 460 pellens
1480 385 1672 464 alienigenas,
1699 387 1888 464 praelatorum

199 481 233 536 10
251 481 479 555 apostolicorum
504 483 689 542 solummodo
717 484 922 557 predicatione
947 501 1018 540 usus
1034 483 1204 554 missorum,
1221 486 1341 558 pascuis
1354 485 1420 542 vite
1435 489 1549 544 aterne
1560 488 1674 562 jugiter
1687 489 1768 546 refici
1784 507 1889 563 nempe

252 579 421 650 decreverit,
448 599 599 656 unumque
623 601 657 639 ex
681 582 728 639 his
744 584 916 639 Formosum
931 583 991 639 vita
1005 587 1033 638 et
1048 582 1181 639 moribus
1196 583 1367 656 episcopum
1382 582 1439 640 sibi
1454 585 1516 641 dari
1534 586 1789 661 archiepiscopum
1805 605 1888 662 expe-

252 676 340 734 tierit.
357 681 439 736 Tunc
454 680 561 736 iterum
576 679 688 754 legatos
704 697 773 736 suos
789 681 911 737 Romam
927 680 1041 750 direxit,
1059 685 1088 736 et
1102 681 1179 738 inter
1195 680 1251 737 alia
1265 681 1434 738 beatissimo
1451 699 1532 756 1111
1547 683 1575 740 11
1602 685 1702 758 ipsum
1726 703 1887 760 suggerens

188 851 192 856 Ι
252 774 289 832 ab
312 777 376 848 ejus
399 779 553 834 sanctitate
571 765 623 852 pro
639 779 833 836 instructione
847 779 942 852 gentis
958 779 1039 836 illius
1054 779 1238 853 presbyteros
1253 779 1420 854 postulavit.
1435 783 1500 854 Ipso
1513 798 1580 838 vero
1596 782 1704 840 talibus
1715 801 1794 858 papa
1808 801 1889 842 corn·

251 875 342 948 111111
366 876 449 934 valde
472 876 590 950 gavisus
611 880 665 943 est,
693 882 721 933 11
744 875 876 934 infinitas
900 877 957 933 Deo
979 877 1080 934 laudes
1095 878 1269 950 rependens,
1285 895 1343 934 non
1359 879 1445 952 pauci
1462 878 1577 936 numeri
1594 897 1693 938 coram
1709 898 1742 939 se
1755 883 1888 957 probavit

199 972 234 1027 15
251 973 447 1046 presbyteros,
463 978 492 1030 et
507 991 579 1046 quos
596 975 700 1047 dignos
716 975 822 1047 reperit
837 975 1052 1046 praedicationis
1067 975 1161 1050 gratia
1176 975 1205 1032 in
1222 975 1389 1049 Bulgariam
1406 976 1521 1048 direxit,
1538 995 1605 1034 oum
1621 979 1731 1052 quibus
1755 979 1888 1038 Domini·

252 1085 320 1125 eum
345 1071 471 1138 Trivem,
496 1077 524 1128 ot
548 1071 749 1129 Crimoaldum
776 1072 1028 1129 Polimartiensem
1054 1071 1206 1146 episcopos
1230 1074 1407 1130 destinavit:
1434 1078 1464 1130 at
1488 1074 1557 1148 qnia
1584 1076 1684 1150 ipsum
1714 1078 1888 1135 l'ormosum

250 1166 364 1240 plebem
389 1168 535 1225 dimittere
560 1170 616 1225 sibi
641 1170 776 1225 criditam
799 1187 855 1226 non
881 1171 1033 1242 oportebat
1052 1171 1234 1244 episcopum,
1251 1171 1343 1228 exhis
1357 1172 1536 1246 presbyteris
1549 1173 1587 1229 ad
1600 1173 1888 1248 archiepiscopatum

251 1263 302 1338 qui
316 1266 423 1340 dignus
437 1267 616 1323 inveniretur
630 1267 659 1322 11
676 1268 794 1324 nomine
809 1267 925 1324 Domini
941 1269 1058 1324 tandem
1075 1267 1241 1343 eligeretur,
1254 1273 1283 1326 et
1298 1269 1359 1326 sedi
1375 1271 1593 1328 consecrandus
1608 1271 1775 1345 apostolice
1790 1271 1890 1330 mitte-

251 1367 331 1419 retur

304 1459 473 1518 61011111
496 1461 557 1517 haec
578 1461 698 1534 quidem
722 1463 826 1520 statuit
848 1461 1039 1519 beatissimus
1063 1479 1148 1536 1111,
1174 1462 1444 1537 solertissimosque
1465 1464 1603 1522 vitiorum
1618 1471 1773 1536 corrector,
1790 1472 1823 1524 et
1836 1467 1888 1526 Dei

254 1559 360 1628 cultor,
382 1565 415 1617 ut
437 1561 660 1632 penetrantibus
684 1560 757 1634 ipsis
782 1561 948 1634 Dulgariam
973 1561 1128 1633 episeopis,
1157 1560 1274 1627 Paulus,
1297 1563 1382 1634 cujus
1404 1562 1541 1635 superius
1558 1562 1732 1620 memoriam
1747 1565 1886 1637 lecimus,

250 1657 483 1731 Populoniensis,
498 1659 620 1732 ipsoque
636 1659 822 1716 Grimoaldus
836 1659 964 1733 episcopi
981 1658 1123 1732 Bulgoriae
1139 1659 1283 1732 quidquid
1300 1660 1336 1716 ad
1353 1660 1485 1717 divinum
1499 1660 1696 1722 ministerium
1712 1665 1888 1737 1111111111·

249 1756 345 1814 ctione
368 1757 466 1831 gentis
489 1757 570 1814 illius
592 1758 760 1829 pertineret,
776 1759 935 1826 eltloorent,
951 1757 1213 1830 11111111111101
1229 1759 1397 1827 Formosus,
1413 1762 1501 1832 atque
1518 1759 1690 1818 Domini-eus
1704 1762 1889 1820 venerabiles

213 1855 231 1910 5
249 1854 377 1928 episcopi
401 1855 507 1912 iterum
530 1855 813 1930 Constantinopolim
837 1873 889 1930 110
915 1856 1074 1914 schismate
1098 1855 1139 1912 ibi
1163 1859 1272 1922 exorto,
1288 1857 1324 1913 de
1339 1873 1397 1929 quo
1408 1857 1472 1929 jam
1487 1857 1545 1914 late
1561 1858 1701 1928 disserui,
1718 1859 1890 1934 proticisce-

249 1957 359 2010 rentur.
375 1955 431 2011 Sed
447 1955 518 2010 dum
530 1954 591 2012 haec
606 1960 771 2028 agerentur,
787 1955 838 2011 Dei
850 1953 963 2026 judicio
976 1953 1146 2010 Michaelem
1163 1954 1329 2010 Gredonum
1345 1953 1551 2028 imperatorem
1566 1955 1639 2014 ultio
1651 1957 1906 2031 dignaperculit,·

248 2055 278 2108 et
291 2051 417 2109 nefanda
432 2069 502 2110 nece
518 2053 650 2126 peremit.
667 2054 831 2126 Imperante
848 2057 946 2110 autem
962 2052 1070 2109 Basilio
1084 2053 1115 2108 in
1131 2051 1393 2125 Constantinopoli,
1409 2053 1550 2124 quoniam
1569 2053 1662 2112 voluit
1684 2059 1763 2113 Deus
1789 2055 1889 2129 ipsius

249 2149 342 2206 sancti
363 2150 511 2223 pontillcis
530 2152 618 2224 juges
642 2151 767 2219 labores,
784 2168 858 2224 quos
871 2168 922 2224 pro
937 2154 1039 2208 sancta
1053 2150 1377 2223 Constantinopolitano
1391 2167 1497 2224 passus
1510 2151 1566 2208 luit
1580 2151 1721 2222 Ecclesia,
1741 2169 1813 2210 cum
1830 2154 1889 2210 fine

248 2248 318 2304 boni
333 2249 428 2322 operis
443 2266 658 2318 consummare,
675 2249 751 2306 sicut
764 2249 844 2306 sama
859 2267 890 2306 11
904 2248 1018 2318 babuit,
1035 2249 1155 2306 Photius
1168 2248 1333 2323 neophytus
1347 2267 1381 2306 ao
1397 2249 1514 2306 invasor
1528 2255 1561 2308 ut
1574 2251 1707 2308 moechus
1716 2251 1848 2324 pellitur,
1859 2257 1890 2308 et

197 2345 230 2400 10
244 2345 331 2417 juxta
353 2347 502 2403 decretum
526 2347 605 2404 sedis
632 2347 796 2422 apostolicae
820 2347 1003 2420 partriarcha
1018 2348 1149 2422 lgnatius
1165 2347 1487 2421 Constantinopolitano
1503 2347 1635 2406 redditur
1650 2349 1769 2406 throno.
1783 2351 1889 2424 Neque

249 2443 328 2499 enim
354 2443 402 2500 hio
426 2443 591 2501 divinorum
617 2452 770 2502 exsecutor
793 2462 914 2518 operum
939 2445 1091 2518 piissimus
1116 2449 1145 2503 11
1171 2444 1332 2502 catholicus
1356 2462 1441 2518 papa,
1458 2462 1522 2519 que
1538 2463 1594 2504 sua
1609 2449 1688 2516 sunt,
1702 2447 1757 2514 111
1771 2464 1806 2504 ea
1822 2465 1888 2521 qua

248 2539 300 2600 Dei
315 2545 385 2597 sunt
398 2541 494 2614 primo
509 2540 571 2598 loeo
586 2543 685 2614 posuit
700 2547 728 2599 11
742 2542 885 2616 quesivit.
900 2545 935 2598 111
950 2560 1018 2599 oum
1032 2543 1178 2616 adjutorio
1193 2542 1288 2600 sancti
1303 2542 1379 2599 Petri
1395 2542 1472 2600 bella
1486 2543 1603 2600 Domini
1622 2560 1739 2601 summo
1764 2543 1887 2618 dispen-

248 2636 373 2695 sationis
395 2637 551 2696 libramine
574 2638 746 2712 spiritaliter
769 2639 894 2713 preliari
920 2639 1041 2697 curavit.
1068 2639 1204 2698 Praelatos
1228 2640 1375 2714 siquidem
1395 2657 1528 2714 quosque
1542 2657 1579 2697 11
1593 2639 1729 2698 subditos
1743 2639 1887 2698 lederent

248 2751 356 2808 magna
378 2736 542 2810 provisione
566 2738 733 2804 moderans,
759 2742 792 2794 ut
816 2743 900 2812 pater
924 2738 1115 2804 commonuit,
1141 2742 1170 2794 et
1184 2741 1217 2794 ut
1232 2738 1356 2810 subjecti
1372 2737 1501 2811 prelatis
1515 2738 1671 2796 subessent
1681 2739 1770 2811 juxta
1781 2740 1888 2797 unius-

194 2830 230 2888 15
248 2833 392 2907 cujusque
412 2833 565 2908 privilegia
588 2835 775 2909 pastoraliter
798 2853 914 2910 quoquo
939 2836 1076 2892 decrevit.
1088 2835 1179 2908 Cujus
1201 2835 1252 2908 qui
1276 2840 1411 2893 sanctum
1436 2836 1568 2894 studium
1589 2835 1653 2892 vult
1666 2851 1839 2910 agnoscere,
1854 2837 1886 2894 in

247 2930 378 3003 epistolis
402 2932 475 3004 1111,
501 2949 575 3006 quas
599 2934 673 2990 bene
696 2933 820 2990 libratas
845 2951 896 3006 111
920 2933 1024 2989 mundi
1039 2937 1138 3006 partes
1153 2932 1267 3003 direxit,
1284 2933 1349 2990 luce
1364 2932 1473 2990 clarius
1487 2933 1619 2991 invenire
1631 2933 1759 2992 valebit:
1775 2935 1888 3008 qnippe

247 3028 300 3100 qui
325 3028 454 3086 animam
479 3047 563 3088 suam
589 3031 619 3086 11
645 3031 783 3088 manibus
808 3031 870 3089 suls
894 3032 1001 3105 posuit,
1028 3031 1080 3105 qui
1104 3030 1185 3088 nulla
1206 3031 1264 3088 nisi
1279 3030 1407 3088 eoelestia
1422 3029 1579 3105 cogitabat,
1594 3031 1645 3104 qui
1656 3029 1792 3104 jejuniis,
1808 3030 1888 3104 vigi·

248 3124 296 3182 liis
321 3131 350 3183 11
376 3127 557 3185 orationibus
581 3134 665 3186 noete
689 3148 723 3187 oc
747 3129 794 3186 die
818 3147 935 3198 vacans,
961 3147 1014 3186 neo
1037 3130 1169 3204 requiem
1192 3129 1306 3204 corpori
1322 3147 1375 3186 nee
1391 3128 1526 3185 membra
1539 3127 1628 3184 dabat
1642 3126 1749 3200 sopori.
1768 3127 1845 3184 Nam
1862 3125 1888 3183 si

249 3227 356 3280 cuncta
369 3241 434 3298 que
449 3225 556 3283 Christi
571 3226 666 3300 gratia
690 3227 795 3300 plenus
817 3227 976 3284 virtutibus
990 3231 1078 3300 atque
1094 3225 1151 3284 ilde
1164 3226 1330 3284 sanctitatis
1346 3243 1434 3300 opera
1448 3225 1548 3301 gessit,
1565 3229 1594 3282 11
1608 3223 1740 3282 moribus
1764 3223 1888 3298 vitaque

193 3321 231 3376 20
249 3321 348 3378 101111
363 3327 392 3380 11
405 3323 544 3398 implevit,
559 3325 668 3382 chartis
683 3325 809 3382 inserere
822 3325 968 3394 volumus,
985 3324 1067 3398 prius
1085 3324 1208 3382 tortasse
1231 3324 1403 3381 membrana
1417 3340 1505 3397 quam
1521 3339 1617 3380 sermo
1632 3321 1759 3390 deficiet,
1770 3323 1887 3380 Tamen

248 3425 406 3493 antequam
421 3423 458 3478 ad
474 3423 562 3480 linem
577 3424 640 3480 vite
656 3422 736 3479 illius
752 3423 859 3495 stylum
874 3427 1033 3494 vertamus,
1051 3423 1086 3479 ad
1104 3439 1139 3479 ea
1154 3439 1217 3496 qua
1231 3422 1342 3479 sanctis
1356 3421 1428 3478 loris
1443 3419 1567 3478 contulit
1581 3421 1746 3478 redeamus.

300 3519 375 3574 011
398 3518 449 3574 llic
474 3519 564 3592 igitur
586 3520 719 3594 egregius
744 3536 821 3592 papa
845 3521 881 3576 ob
906 3537 1036 3577 amorem
1062 3521 1203 3594 principis
1218 3519 1418 3593 apostolorum
1435 3518 1512 3576 Petri
1526 3515 1651 3592 apostoli
1666 3515 1824 3574 nutritoris
1839 3516 1886 3574 sui

248 3613 317 3670 lecit
332 3615 361 3672 11
377 3615 498 3672 basilica
513 3617 577 3690 ejus
593 3633 706 3689 pannos
722 3622 782 3674 tam
798 3617 910 3674 scilieet
925 3619 960 3674 de
978 3618 1115 3688 stauraci,
1132 3635 1221 3691 quam
1237 3621 1265 3674 11
1281 3618 1316 3674 11
1332 3617 1465 3688 fundato,
1480 3615 1525 3673 vel
1540 3614 1607 3672 aliis
1622 3613 1756 3689 pulchris
1778 3615 1887 3672 variis·

248 3728 305 3785 qne
329 3711 475 3770 coloribus
499 3730 656 3772 numero...
683 3715 737 3782 011
764 3715 861 3772 trabes
877 3716 1003 3788 majores
1019 3716 1048 3772 in
1064 3715 1245 3790 presbyterio
1260 3715 1451 3789 respicientes
1466 3730 1569 3771 omnes
1583 3713 1614 3770 in
1627 3728 1699 3787 gyro
1712 3711 1884 3786 complevit,

249 3826 312 3883 quar
327 3808 399 3868 illud
415 3808 577 3868 luculenter
591 3817 697 3868 ornant
711 3813 858 3885 decusque
874 3818 992 3886 augent,
1009 3813 1180 3888 etamplius
1195 3814 1270 3870 mira
1284 3830 1339 3870 sua
1353 3811 1556 3886 magnitudino
1572 3812 1643 3868 dant
1657 3810 1816 3880 honorem,
1832 3811 1886 3868 ubi

211 3908 229 3964 5
247 3905 345 3976 etiam,
360 3909 436 3981 quod
453 3906 553 3967 nullus
568 3914 633 3982 post
642 3910 870 3968 devastationem
887 3911 1096 3968 Saracenorum
1113 3928 1198 3985 agore
1213 3911 1298 3968 nixus
1314 3915 1368 3980 est,
1381 3926 1483 3967 arcum
1496 3909 1564 3966 lecit
1579 3912 1762 3982 argenteum,
1777 3913 1808 3965 et
1822 3925 1885 3965 me-

246 4004 304 4062 lius
318 4023 407 4080 quam
421 4006 490 4064 olim
507 4008 600 4065 suerat
615 4009 948 4082 superexcellentiorem
963 4009 1076 4065 trabem
1092 4027 1155 4081 que
1171 4013 1215 4066 est
1230 4013 1297 4066 ante
1312 4007 1462 4082 cyborium
1477 4007 1508 4063 in
1525 4006 1621 4064 modio
1635 4006 1746 4080 posuit,
1756 4023 1884 4079 pensan.

245 4102 369 4162 libras..
394 4109 422 4162 et
443 4109 502 4162 tres
526 4105 670 4180 imagines
695 4112 857 4182 argenteas,
873 4125 932 4164 una
947 4109 1071 4182 figuram
1087 4106 1202 4164 Domini
1218 4105 1386 4174 salvatoris,
1403 4105 1518 4162 duabus
1532 4120 1600 4162 vero
1614 4102 1789 4176 angelorum
1806 4103 1887 4160 scul-

248 4200 306 4274 psit
320 4202 441 4276 effigies,
458 4219 491 4260 ao
506 4203 564 4260 illis
578 4222 681 4262 novem
696 4204 763 4262 libr.
781 4206 844 4262 auri
861 4207 1005 4263 deaurans
1021 4204 1187 4278 subposuit,
1204 4220 1330 4276 quarum
1346 4220 1406 4259 una
1420 4219 1504 4276 pens.
1520 4200 1612 4258 libras
1624 4200 1808 4274 octuaginta,
1826 4201 1886 4258 alia

246 4297 336 4356 libras
359 4302 555 4374 septuaginta,
580 4302 666 4361 tertia
688 4320 754 4360 vero
776 4319 859 4377 1111.
881 4304 972 4361 libras
987 4303 1123 4361 similiter
1138 4301 1332 4376 septuaginta.
1350 4299 1486 4372 lecitque
1498 4298 1609 4356 ibidem
1627 4315 1745 4354 erucem
1760 4315 1885 4356 auream

195 4395 229 4452 10
247 4414 338 4454 unam
353 4399 490 4472 pretiosis
504 4401 630 4474 gemmis
644 4405 786 4472 ornatam,
803 4419 924 4475 pensan.
941 4401 1067 4458 libras...
1084 4401 1156 4458 etin
1171 4399 1340 4457 summitate
1355 4398 1487 4470 ejusdem
1502 4412 1567 4454 eam
1584 4412 1669 4454 arcus
1683 4395 1808 4469 11011111,
1833 4395 1885 4452 nbi

247 4511 299 4568 pro
314 4494 507 4569 amplitudine
523 4497 635 4554 decoris
650 4497 715 4568 ejus
731 4501 817 4570 atque
832 4497 1002 4570 speciminis
1017 4496 1157 4569 appendit
1171 4512 1310 4552 coronam
1325 4509 1446 4550 auream
1471 4509 1572 4561 unam,
1588 4508 1701 4568 1111111
1725 4495 1884 4566 argenteas

246 4592 331 4662 duae,
346 4592 451 4650 culices
466 4599 618 4670 argenteos
632 4596 716 4665 duos,
732 4599 761 4651 et
776 4599 896 4668 1111101
910 4599 1062 4668 argenteos
1078 4595 1162 4651 duos.
1178 4594 1265 4650 Porro
1284 4592 1315 4648 in
1330 4591 1485 4666 purpureis
1499 4589 1710 4654 marmoribus,
1725 4605 1792 4662 qua
1814 4594 1884 4646 aute

247 4705 353 4762 corpus
368 4691 444 4748 beati
461 4693 537 4750 Petri
553 4693 677 4766 apostoli
691 4693 946 4768 rugas'argenteas
962 4693 1099 4761 retinent,
1115 4692 1215 4748 dextra
1228 4689 1357 4764 levaque
1369 4691 1443 4747 duae
1459 4705 1561 4747 111111
1576 4691 1731 4762 argenteas
1754 4687 1881 4744 11111111

246 4787 355 4856 posuit,
369 4805 450 4861 pens.
468 4789 543 4846 lib...

298 4884 376 4941 612
390 4889 421 4940 ln
438 4887 614 4958 patriarchio
630 4887 774 4962 siquidem
791 4888 978 4945 Lateranensi
994 4889 1116 4946 domum
1132 4884 1363 4960 pulcherrimam
1377 4884 1524 4958 nimisque
1539 4884 1677 4942 decoram
1691 4881 1758 4939 lieri
1778 4883 1880 4954 jussit

248 4979 283 5033 Et
297 4981 457 5037 oratorium
470 4990 575 5041 sanotae
591 4987 641 5042 Dei
657 4986 811 5043 Genitricis
824 4986 883 5042 illic
899 4989 1082 5052 construens,
1097 4988 1192 5042 vestes
1207 4989 1236 5041 et
1251 4987 1450 5058 competentes
1463 4985 1585 5040 ornatus
1600 4998 1651 5054 pro
1676 4984 1793 5038 111111
1817 4980 1883 5036 vite

248 5091 347 5131 amore
361 5074 490 5134 lucilluis
500 5083 574 5138 votis
589 5083 652 5155 ipse
667 5083 856 5140 beatissimus
872 5083 1002 5156 pontifex
1016 5082 1132 5140 obtulit.
1148 5083 1229 5140 Idem
1244 5081 1332 5139 etiam
1347 5099 1365 5137 a
1379 5081 1437 5138 Deo
1452 5083 1602 5154 protectus
1616 5082 1646 5135 et
1660 5077 1772 5136 11111111
1787 5079 1884 5152 gratia

250 5173 489 5231 circumvallatus
505 5176 599 5234 multa
614 5196 716 5236 casum
729 5181 874 5237 minantia
887 5181 1034 5238 renovavit
1047 5181 1110 5237 loca
1125 5184 1304 5247 sanctorum,
1321 5183 1348 5236 11
1362 5177 1483 5236 diversis
1499 5176 1629 5234 ecclesiis
1639 5176 1885 5234 diversamunera

210 5272 228 5328 5
246 5271 380 5344 contulit,
395 5277 423 5329 et
433 5275 587 5331 commoda
600 5274 763 5333 luculenter
778 5277 905 5335 adauxit.
922 5281 956 5334 Dt
971 5280 1001 5335 in
1016 5278 1133 5352 cyborio
1148 5277 1394 5335 Constantiniana
1410 5275 1539 5334 basilice
1552 5273 1681 5350 optimos
1695 5275 1733 5330 de
1748 5272 1846 5342 siloni,
1856 5277 1884 5328 et

247 5371 282 5428 de
297 5371 418 5428 fundato
434 5375 560 5446 quatuor
574 5389 685 5445 111101
695 5377 844 5448 appendit.
862 5376 969 5434 Deinde
983 5377 1065 5451 regni
1076 5377 1216 5434 caelorum
1231 5375 1375 5451 clavigero
1391 5374 1470 5448 paris
1481 5374 1510 5430 11
1518 5371 1635 5444 cyborio
1642 5370 1760 5428 numeri
1767 5386 1882 5444 pannos

247 5470 373 5542 optimos
388 5469 503 5528 obtulit.
521 5470 553 5527 ln
568 5469 689 5526 ecelesia
704 5472 968 5546 doctorlsgentium
976 5468 1743 5532 11111111111111.11111111111111110110111111011εά
1751 5467 1882 5540 presepe

245 5567 309 5640 1111
332 5570 428 5638 modo,
453 5575 565 5627 eterna
589 5585 640 5642 pro
661 5569 860 5626 retributionis
875 5571 1002 5643 praemiis
1018 5572 1087 5646 egit.
1104 5574 1139 5629 111
1154 5573 1183 5628 11
1200 5571 1323 5628 ecclesia
1338 5569 1433 5628 sancti
1451 5568 1597 5626 Laurentii
1613 5567 1722 5624 Christi
1737 5566 1879 5640 martyris

246 5663 317 5720 loris
333 5666 542 5736 murerrbis,
552 5684 633 5740 eque
649 5683 761 5739 pannos
776 5669 902 5739 optimos
917 5675 1043 5742 quotuor
1055 5669 1304 5744 inoyboriodedit.
1312 5668 1520 5743 llujusqnippe
1530 5665 1606 5724 beati
1616 5665 1805 5739 temporibus
1813 5681 1884 5738 pre·

192 5763 226 5817 10
244 5760 319 5818 11111
332 5766 414 5818 tanta
428 5764 546 5822 ubertas
561 5771 589 5822 11
603 5765 734 5824 victuum
750 5765 833 5840 00111
847 5767 967 5837 exstitit,
985 5772 1017 5824 ut
1031 5784 1148 5826 omnem
1164 5767 1336 5824 memoriam
1352 5767 1439 5824 lamis
1454 5763 1766 5838 decessoriesuiJiactae
1778 5761 1884 5820 diebus

247 5859 308 5915 hec
322 5859 459 5916 oblivioni
471 5863 598 5920 traderet
610 5864 801 5922 abundantia.
819 5865 870 5920 llio
887 5865 952 5921 lecit
972 5865 1185 5922 ordinationem
1199 5881 1291 5922 unam
1305 5881 1505 5939 parmensem
1523 5863 1672 5930 Martium,
1694 5862 1884 5936 presbyteros

249 5961 370 6029 septem,
384 5957 521 6016 diaconos
536 5967 671 6036 quatuor,
688 5965 839 6038 episcopos
854 5980 906 6037 per
920 5962 1035 6021 diversa
1049 5963 1113 6020 loca
1138 5979 1260 6019 numero
1277 5964 1427 6036 sexaginta
1448 5963 1589 6037 quinque.
1605 5965 1768 6034 Postquam
1784 5963 1886 6020 anhm
