4052 6164
115 211 198 276 teca
517 210 703 276 HISTORIA
724 207 777 273 DS
800 207 900 274 vivis
922 205 1018 272 ΗΘΜ.
1039 205 1156 270 ΡΟΝΤ.
1170 239 1209 254 -
1223 206 1255 270 S.
1275 206 1350 270 LEO
1371 205 1423 271 iv.
1738 200 1821 266 tace*

185 347 355 405 exauratam
371 359 424 418 par
437 359 541 414 unum,
557 343 671 418 legente
685 343 723 402 de
735 342 854 400 nomine
865 341 964 397 domni
981 339 1086 396 Leonis
1101 339 1197 412 quarti
1213 355 1305 412 papa,
1322 337 1540 412 pensan.simul
1552 337 1583 394 in
1606 353 1698 393 unum
1723 335 1816 392 libras

185 445 313 516 quatuor
326 445 357 498 et
369 440 472 498 uncias
486 440 625 515 quinque.
639 441 704 514 lpse
714 439 839 513 insignis
849 437 1014 512 prasulque
1025 437 1189 510 praecipuus
1200 453 1267 494 oum
1278 435 1433 494 innumera
1444 437 1552 493 summi
1564 436 1676 492 decoris
1687 451 1775 507 opera
1783 433 1814 489 in

184 538 307 596 basilica
321 538 397 594 beati
413 522 494 596 Petri'
505 537 568 594 omli
584 537 720 610 clavigeri
736 537 1113 610 perfecisset‚portas,quns
1124 536 1308 591 destruxerat
1318 535 1462 591 Saracena
1472 535 1624 608 progenies
1636 533 1814 606 argentoque

183 637 321 704 nudarat,
338 635 437 704 erexit,
454 633 614 708 multisque
630 633 775 708 argenteis
789 633 898 689 tabulis
911 632 1039 689 lucifluis
1054 632 1270 705 salutiferisque
1285 630 1416 689 historiis
1435 632 1558 704 sculptis
1581 630 1770 696 decoravit,et
1782 627 1813 684 in

128 736 164 791 20
183 732 336 790 meliorem
352 731 478 804 speciem
493 748 582 806 quam
599 731 710 805 pridem
727 731 842 787 fuerant
857 729 1011 804 reparavit,
1027 735 1058 785 ut
1075 745 1176 787 omnes
1187 730 1238 803 qni
1249 729 1278 784 in
1288 730 1420 785 eumdem
1428 728 1580 784 basilicam
1590 727 1701 802 ingredi
1711 726 1814 783 volunt

182 827 286 885 laudes
299 830 358 885 Deo
372 828 565 902 omnipotenti
581 833 740 901 sanctoque
753 845 806 886 suo
822 826 989 900 presulatui
1006 828 1144 894 referant,
1160 833 1189 884 et
1202 829 1358 900 exposcant
1374 830 1406 883 ut
1421 825 1515 882 multa
1525 842 1668 881 annorum
1680 842 1738 882 succ
1748 823 1813 879 vite

183 927 331 984 curricula
345 929 548 993 extendantur,
564 927 614 1000 qui
628 927 702 983 tanti
718 923 840 998 fulgoris
855 929 1094 998 opere,tantoque
1109 925 1338 998 pulchritudinis
1360 924 1488 998 pondere
1503 923 1600 979 aulam
1616 921 1666 978 Dei
1682 925 1812 993 argento,

183 1041 306 1098 pensan.
322 1024 413 1081 libras
428 1023 616 1098 septuaginta
630 1022 752 1080 ornavit.
762 1021 815 1088 Qui
831 1037 966 1076 summus
982 1021 1099 1094 Deoque
1112 1021 1248 1078 amabilis
1264 1039 1340 1094 papa
1354 1022 1383 1077 in
1401 1021 1517 1078 exordio
1533 1019 1578 1075 sui
1594 1017 1735 1092 pontificii
1747 1033 1815 1073 cnm

183 1122 314 1195 porticus
328 1120 420 1194 partis
435 1121 511 1178 lave
525 1120 601 1178 beati
618 1137 675 1194 pra
691 1118 784 1176 nimia
796 1121 941 1174 vetustate
954 1117 1031 1174 Petri
1048 1117 1176 1175 basilice
1189 1119 1352 1187 occidisset,
1369 1119 1455 1176 celeri
1471 1118 1569 1176 studio
1584 1115 1752 1190 preclarius
1768 1132 1813 1172 re-

128 1219 166 1275 25
183 1216 310 1274 novavit.

220 1315 295 1372 Ml
314 1313 389 1371 Nam
406 1312 708 1386 etipsiuspracipua
724 1313 894 1368 sartatecta
914 1310 1042 1368 ecclesia
1067 1313 1183 1386 magnis
1206 1312 1340 1370 trabibus
1364 1311 1538 1386 prooaoique
1557 1310 1680 1368 artificio
1700 1308 1819 1367 elevatis

182 1410 302 1468 luciflue
317 1411 474 1468 renovavit.
490 1411 543 1478 Qui
558 1410 645 1466 etiarn
660 1408 817 1482 porticum,
835 1426 899 1482 quae
914 1409 1007 1464 sancti
1021 1409 1140 1466 Andreae
1156 1409 1426 1478 cobaeretecolesiae,
1443 1426 1509 1466 cum
1523 1412 1691 1465 cerneretur
1701 1423 1816 1476 casura,

181 1509 212 1565 in
228 1507 336 1565 melius
349 1507 461 1563 noviter
476 1506 657 1564 restauravit.
675 1506 730 1563 Sed
750 1510 780 1563 et
803 1521 960 1573 cameram,
985 1522 1049 1579 quae
1073 1511 1140 1564 ante
1164 1513 1262 1581 portas
1286 1512 1439 1581 argenteas
1458 1509 1522 1580 jam
1546 1507 1630 1563 dictas
1654 1505 1726 1561 aule
1752 1519 1817 1561 esse

181 1603 371 1680 conspicitur,
387 1604 503 1662 infinito
519 1605 610 1661 fretus
624 1621 723 1660 amore
738 1620 892 1670 renovans,
908 1603 1063 1660 decoravit.
1081 1606 1116 1661 ut
1132 1606 1241 1662 multas
1256 1605 1309 1679 pia
1334 1605 1510 1678 operationis
1535 1605 1564 1661 in
1591 1605 1692 1660 eadem
1718 1604 1814 1675 specie
1877 1659 1882 1671 ,

143 1705 163 1761 5
180 1703 319 1762 ecclesias
335 1703 413 1771 fecit,
429 1719 506 1778 quas
520 1702 544 1759 sl
561 1701 712 1775 scriptura
728 1702 842 1758 tradere
855 1700 1044 1770 voluerimus,
1059 1702 1160 1776 lingua
1175 1721 1293 1761 narrare
1309 1721 1366 1761 non
1382 1705 1508 1761 sufficiet
1518 1708 1547 1760 et
1557 1719 1610 1760 nec
1621 1701 1814 1758 scribentium

179 1801 320 1859 valebunt
334 1801 451 1862 articuli
467 1800 621 1858 sustinere.
638 1799 710 1856 Cum
727 1815 796 1873 ergo
812 1816 864 1872 per
878 1799 1007 1855 diversas
1022 1799 1072 1856 Dei
1089 1800 1227 1858 ecelesias
1243 1801 1335 1858 multu
1351 1800 1640 1875 perficeretinsignia
1650 1816 1737 1872 opera
1751 1797 1815 1871 ipse

179 1898 371 1957 beatissimus
385 1898 513 1972 pontifex
528 1897 683 1970 porticum,
701 1913 764 1971 qum
780 1899 847 1952 ante
862 1895 1013 1953 basilicam
1028 1902 1135 1954 saneta
1151 1899 1201 1955 Dei
1217 1899 1370 1956 Genitriois
1386 1900 1530 1967 consistit,
1543 1899 1699 1972 quajuxta
1713 1896 1814 1952 basili-

180 2013 245 2054 cam
261 1997 354 2054 sancti
370 1995 519 2052 Laurentii
535 1996 593 2052 sita
607 1999 651 2052 est
665 1995 736 2050 foris
752 2011 862 2062 muros,
880 1993 987 2051 clarius
1001 2011 1034 2050 ao
1050 1995 1165 2052 firmius
1181 1997 1338 2054 renovavit.
1351 2000 1383 2054 ln
1400 1997 1522 2055 ecclesia
1536 2000 1632 2053 autem
1645 1998 1752 2052 sancte
1763 1994 1814 2051 Dei

180 2093 347 2163 Genitriois,
363 2111 428 2166 quas
442 2092 562 2166 ponitur
575 2092 606 2147 in
621 2091 683 2148 vieo
699 2091 875 2157 Sordonum,
892 2090 1030 2148 milliario
1055 2093 1091 2148 ab
1116 2094 1188 2150 urbe
1213 2095 1306 2151 Roma
1328 2093 1491 2169 trigesimo,
1508 2097 1524 2150 l
1539 2093 1698 2151 catholicos
1723 2091 1815 2148 libros

126 2191 164 2250 to
180 2193 298 2265 obtulit,
314 2207 408 2248 unum
423 2189 750 2264 Evangelierumalium
761 2189 1227 2264 Regnorum,Psalmorum,atquc
1239 2193 1459 2250 Sermonumln
1471 2191 1592 2249 ecelesia
1608 2191 1685 2248 beati
1697 2188 1815 2246 Martini

181 2289 357 2348 confessoris
370 2293 459 2362 atque
473 2287 630 2361 pontificis,
648 2287 847 2360 forisportam
867 2287 944 2344 beati
968 2288 1043 2344 Petri
1067 2289 1202 2362 apostoli,
1217 2289 1286 2347 feeit
1310 2289 1430 2347 calicem
1454 2291 1489 2346 de
1504 2293 1623 2364 argento
1638 2304 1731 2345 unum
1747 2303 1815 2344 oum

182 2386 336 2455 catenulis,
343 2386 621 2459 pensantibraslet
630 2385 733 2442 uncias
742 2386 808 2441 2.St
822 2384 852 2440 in
868 2384 991 2440 ecclesia
1005 2388 1173 2442 sanctorum
1186 2390 1314 2459 quatuor
1328 2391 1536 2444 Coronntorum
1552 2385 1621 2442 fecit
1635 2384 1815 2459 thymiama-

179 2483 254 2541 teria
267 2485 326 2542 duo
341 2501 377 2542 ex
391 2486 511 2557 argento
528 2481 735 2550 mundissimo,
752 2498 874 2556 pensan.
889 2481 956 2537 libr.
971 2483 990 2536 2
1004 2487 1032 2538 et
1047 2482 1163 2538 unciam
1179 2499 1279 2539 unam.
1297 2484 1392 2540 Simili
1409 2485 1494 2540 modo
1509 2483 1578 2539 etin
1590 2481 1713 2539 ccclesia
1723 2482 1814 2539 beate

180 2582 346 2640 petronille
359 2581 427 2638 fecit
439 2583 534 2637 vestes
548 2581 584 2637 de
599 2580 721 2636 fundato
737 2584 797 2636 tres
812 2583 841 2636 et
853 2579 916 2635 vela
931 2579 1095 2646 duodecim,
1113 2585 1241 2652 quatuor
1255 2581 1374 2653 quidem
1389 2582 1424 2636 de
1439 2579 1676 2652 fundato‚et,tres
1692 2579 1728 2634 de
1743 2595 1814 2650 spa-

124 2679 161 2736 l5
179 2679 272 2746 nisce,
288 2683 317 2734 et
330 2676 408 2734 linea
423 2675 563 2749 quinque.
581 2676 656 2732 Nam
670 2679 699 2733 et
711 2676 742 2732 in
757 2675 880 2732 ecclesia
894 2681 999 2733 sancta
1015 2677 1065 2734 Dei
1082 2677 1236 2734 Genitriois
1248 2678 1355 2747 Maria,
1369 2695 1458 2751 quam
1469 2678 1533 2752 ipsc
1543 2676 1732 2734 beatissimus
1743 2693 1814 2750 pon·

179 2776 249 2832 tifex
261 2793 278 2832 a
292 2773 494 2831 laudamentis
508 2791 598 2847 supra
608 2773 739 2830 scholam
755 2773 903 2830 Saxonum
919 2774 1031 2831 noviter
1044 2776 1217 2844 construxit,
1234 2776 1340 2834 obtulit
1353 2781 1449 2834 vestes
1459 2777 1495 2833 de
1506 2776 1627 2834 fundato
1637 2779 1739 2842 tres,et
1748 2773 1813 2832 vela

180 2871 318 2930 similiter
331 2873 366 2928 de
382 2871 504 2928 fundato
519 2874 655 2945 quatuor.

216 2971 293 3028 im
306 2970 377 3026 ltem
394 2968 584 3026 beatissimus
600 2967 729 3042 pontifex
744 2969 812 3025 fecit
825 2969 855 3024 in
870 2967 991 3026 basilien
1005 2970 1082 3026 beati
1098 2969 1175 3026 Petri
1191 2969 1313 3044 apostoli
1330 2988 1427 3028 cereos
1443 2972 1657 3044 deargentatos,
1667 2969 1717 3042 qui
1733 2973 1812 3026 stant

179 3067 208 3122 in
226 3064 405 3139 presbyterio
419 3081 541 3122 numero
555 3063 658 3138 viginti
674 3068 703 3120 at
716 3069 839 3137 septem,
856 3082 977 3138 pensan.
994 3067 1115 3123 insimul
1131 3067 1222 3125 libras
1242 3069 1445 3142 quadraginta.
1462 3069 1536 3126 Nam
1558 3073 1587 3124 et
1610 3067 1708 3124 trabes
1722 3067 1752 3123 in
1765 3068 1810 3124 in·

180 3179 283 3236 gressu
298 3167 328 3218 et
342 3163 372 3217 in
389 3161 486 3218 medio
499 3161 671 3236 presbyterii
686 3161 834 3218 investivit
846 3179 881 3218 ex
895 3166 1015 3235 argente
1034 3164 1203 3236 purissimo,
1219 3183 1341 3238 pensan.
1358 3165 1449 3222 libras
1473 3165 1624 3238 sexaginta
1645 3169 1675 3220 et
1699 3169 1810 3238 septem

180 3263 208 3317 et
223 3259 326 3316 uncias
340 3263 485 3315 trescum
500 3262 598 3315 autem
612 3276 745 3332 superne
756 3259 816 3316 zelo
827 3259 926 3332 patriae
936 3259 1074 3316 incensus
1086 3261 1226 3334 speciosis
1236 3262 1340 3318 Christi
1354 3262 1546 3334 perordinem
1558 3263 1811 3320 ornaretmetnllis

140 3357 161 3413 5
179 3372 214 3412 ae
227 3355 408 3412 ornamentis
423 3353 577 3423 llcolesias,
588 3360 655 3428 post
670 3355 739 3411 feeit
753 3355 809 3412 alia
824 3355 917 3412 multa
933 3357 962 3412 in
978 3359 1130 3414 aulabeati
1138 3360 1213 3415 Petri
1224 3360 1345 3432 apostoli
1355 3359 1640 3432 principisooronam
1649 3377 1684 3417 ex
1691 3365 1811 3434 argento

180 3452 339 3526 purissimo
353 3469 454 3520 unam,
471 3469 538 3509 cum
553 3453 696 3510 catenulis
711 3453 856 3526 argenteis
871 3458 1006 3526 quatuor,
1019 3455 1175 3513 habentem
1186 3457 1341 3530 delphinos
1353 3457 1549 3531 quadraginta
1559 3462 1588 3514 et
1600 3459 1810 3531 duos,pensan.

178 3549 269 3608 simul
281 3550 372 3608 libras
386 3549 490 3624 viginti
505 3555 535 3607 et
548 3554 617 3606 tres.
634 3551 686 3606 llic
701 3566 818 3623 quoquc
833 3551 971 3623 pontifex,
981 3553 1086 3611 Gbristi
1098 3571 1214 3628 semper
1224 3555 1331 3611 auxilio
1342 3555 1433 3611 fretus
1444 3572 1477 3611 ao
1488 3554 1628 3612 divinitus
1638 3556 1811 3628 inspiratus,

178 3648 248 3704 fecit
260 3648 290 3704 in
307 3647 431 3719 circuitu
446 3647 548 3704 altaris
563 3647 639 3704 beati
655 3647 731 3704 Petri
747 3647 870 3720 apostoli
885 3648 948 3706 vela
963 3651 1056 3708 serica
1066 3652 1101 3707 de
1112 3651 1514 3726 prasinoquatuor,habentia
1524 3653 1641 3710 tabulas
1651 3653 1687 3710 de
1698 3653 1813 3728 chryso-

177 3744 269 3814 clavo,
285 3761 352 3804 cum
368 3745 463 3819 effigie
477 3745 634 3802 Salvatoris
649 3749 678 3802 et
693 3745 890 3818 apostolorum
906 3746 982 3802 Petri
998 3753 1027 3804 et
1042 3748 1133 3826 Pauli,
1149 3753 1177 3805 et
1192 3750 1236 3806 sui
1254 3749 1346 3822 ipsios
1359 3748 1477 3805 almifici
1489 3749 1810 3822 praesrrlis‚atin1nedio

123 3843 164 3901 tu
180 3859 283 3900 crimes
298 3846 327 3898 et
341 3843 524 3916 gammadias
540 3843 575 3900 de
591 3843 776 3917 chrysoclavo
791 3861 858 3900 eum
875 3843 1025 3910 orbiculis,
1041 3846 1071 3900 in
1087 3845 1195 3916 quibus
1206 3845 1275 3898 sunt
1288 3841 1432 3914 imagines
1448 3842 1645 3915 apostolorum
1658 3845 1738 3900 mirac
1748 3844 1812 3917 pul-

176 3938 353 3996 obntuuinis
369 3940 528 4008 decoratas,
545 3958 608 4013 quas
623 3941 653 3996 in
669 3939 773 3997 diebus
788 3940 870 3997 festis
885 3941 922 3997 ad
938 3941 1072 3998 decorem
1088 3941 1197 3996 ibidem
1210 3940 1441 4014 suspenduntur.
1768 4009 1771 4016 Ι

214 4037 294 4094 im
306 4037 370 4094 Pari
386 4039 473 4094 modo
489 4038 557 4096 fecit
570 4038 620 4095 ubi
636 4055 727 4111 supra
740 4038 798 4095 alia
811 4038 874 4095 vela
890 4039 957 4095 alba
969 4035 1130 4094 holoserica
1146 4038 1243 4091 rosata
1258 4051 1325 4090 eum
1351 4034 1489 4090 cancellis
1513 4035 1650 4092 decorata
1674 4036 1810 4106 mirifice,

176 4135 296 4194 Pascha
311 4135 518 4191 obumbrantia
530 4137 744 4192 saeraNeenon
759 4141 788 4192 et
802 4136 890 4192 aliam
906 4151 1043 4192 coronam
1054 4133 1197 4189 minorem
1209 4132 1318 4188 ibidem
1330 4131 1512 4188 obtulitcum
1522 4133 1664 4189 catenulis
1673 4137 1809 4206 quatuor,

177 4237 206 4288 ct
218 4231 366 4306 delphinis
375 4233 474 4288 decem
483 4232 639 4290 habentem
647 4233 743 4289 lilium
752 4237 780 4290 et
791 4231 1161 4304 uncinum,pensan.librns
1172 4229 1353 4302 duas.Hnjus
1365 4246 1494 4301 namque
1504 4229 1665 4286 beatissimi
1677 4231 1811 4303 presulis

177 4329 297 4385 animun
310 4342 427 4400 semper
442 4333 498 4384 Dea
513 4329 633 4386 devotus
644 4329 774 4386 existens
786 4330 921 4402 pretiosis
931 4331 1001 4386 Jesu
1010 4329 1117 4386 Christi
1127 4326 1264 4385 ecclesias
1273 4327 1570 4401 ornnmentisingenti
1579 4328 1616 4384 ob
1625 4332 1736 4385 aeterne
1747 4329 1810 4385 vitae

137 4428 158 4482 5
177 4425 305 4482 salutem
321 4425 459 4482 decorare
474 4426 611 4482 studebat
625 4443 723 4482 amare
735 4443 741 4481 :
754 4429 873 4500 et,quod
890 4425 990 4483 nullus
1006 4442 1214 4499 praecessorum
1226 4427 1290 4498 ejus
1301 4425 1472 4498 pontificum
1485 4426 1577 4481 facere
1588 4426 1745 4482 arbitratus
1756 4430 1811 4497 est,

176 4523 225 4581 hic
240 4525 342 4578 saneto
357 4521 459 4596 procul
473 4523 563 4579 dubio
579 4523 690 4596 Spiritu
702 4523 915 4596 fervens,atque
924 4523 1231 4597 compulsus,coronas
1243 4541 1276 4580 ex
1289 4541 1359 4580 auro
1370 4523 1567 4580 mundissimo
1579 4524 1695 4598 inclytis
1705 4525 1813 4582 Christi

175 4618 312 4676 videlieet
326 4623 354 4676 et
369 4623 538 4676 sauctorum
553 4620 683 4677 vultibus
699 4621 887 4695 refulgentes,
896 4622 959 4679 fleri
973 4621 1002 4678 in
1020 4622 1218 4696 apostolorum
1234 4619 1375 4695 principis
1390 4619 1464 4677 Petri
1480 4620 1602 4677 ecelesia
1612 4622 1697 4693 juxta
1711 4622 1818 4692 altare,-

177 4717 235 4774 sub
250 4733 309 4790 quc
321 4718 385 4789 ejus
401 4717 634 4775 sacratissimum
650 4735 757 4791 corpus
773 4720 941 4792 requiescit,
958 4721 1059 4776 dextra
1074 4719 1203 4793 levaque
1218 4720 1379 4792 pendentes
1392 4720 1466 4776 duns
1478 4736 1546 4775 oum
1558 4718 1700 4776 camnulis
1716 4721 1813 4779 aurcis

175 4813 268 4871 bullis
283 4814 468 4888 gemmisque
483 4816 609 4889 prasinis
624 4817 775 4872 decoratas
789 4816 924 4884 decrevit,
941 4818 1083 4873 habentes
1099 4817 1219 4873 insimul
1235 4817 1390 4889 delphinos
1407 4817 1568 4889 sexaginta,
1585 4835 1706 4889 pensan.
1721 4818 1812 4877 libras

118 4913 159 4970 te
176 4909 292 4984 viginti.
311 4909 389 4966 Fecit
406 4917 435 4968 et
450 4913 622 4970 crucifixum
638 4917 809 4988 argenteum
825 4914 898 4969 miro
914 4932 1000 4986 opere
1015 4915 1163 4988 depictum
1176 4915 1206 4970 in
1222 4915 1324 4970 eadem
1339 4912 1525 4986 ecclesia,qui
1544 4913 1574 4970 in
1589 4913 1660 4971 laeva
1675 4915 1812 4974 introitus

178 5013 264 5082 parte
278 5007 355 5064 inter
369 5008 523 5066 columnae
536 5027 659 5085 magnas
674 5011 789 5084 positus
804 5012 914 5084 ingenti
929 5013 1062 5085 splendet
1077 5013 1350 5080 decore,habentem
1374 5011 1463 5068 libras
1487 5013 1638 5086 sexaginta
1653 5017 1681 5070 et
1696 5015 1768 5070 duas
1784 5018 1813 5070 ct

178 5105 346 5164 dimidiam.
364 5107 427 5179 lpse
442 5123 557 5180 quoque
572 5109 761 5165 beatissimus
777 5109 905 5182 pontifex
920 5111 987 5167 fecit
1001 5111 1030 5166 in
1047 5111 1173 5167 oratorio
1184 5110 1260 5165 beati
1273 5109 1392 5165 Andreae
1403 5109 1619 5183 apostoli,quod
1631 5111 1724 5167 sancti
1734 5110 1812 5166 Petri

179 5203 306 5260 cohaeret
320 5203 459 5272 eoeleste,
475 5209 584 5261 vestem
601 5205 722 5262 sericam
738 5223 828 5262 unam
843 5205 999 5264 habentem
1015 5208 1168 5264 historiam
1185 5207 1349 5279 aquilarum
1362 5223 1369 5274 ;
1384 5211 1412 5262 et
1426 5205 1456 5262 in
1476 5207 1583 5277 medio,
1599 5206 1729 5264 tabulam
1745 5222 1812 5261 cum

181 5299 381 5375 chrysoclavo,
397 5300 427 5356 in
444 5317 502 5374 qua
517 5303 636 5376 depietae
653 5302 760 5360 Christi
776 5309 804 5360 et
820 5303 1029 5377 discipulorum
1047 5305 1111 5376 ejus
1126 5305 1226 5361 dextra
1241 5303 1369 5380 levaque
1385 5302 1528 5378 imagines
1544 5305 1662 5375 fulgent,
1680 5307 1708 5358 ot
1721 5301 1814 5374 ipsius

124 5401 164 5456 15
182 5397 302 5455 almifici
318 5398 462 5471 presulis.
479 5402 521 5455 Aa
536 5399 662 5456 similem
680 5406 746 5473 post
760 5401 850 5458 totius
861 5403 956 5475 operis
969 5402 1186 5475 perfectionem,
1202 5406 1230 5456 et
1244 5401 1425 5456 ornamentis
1441 5401 1553 5458 decoris
1569 5401 1598 5454 in
1614 5396 1736 5454 ecclesia
1750 5415 1815 5454 san·

182 5499 297 5552 ciorum
313 5499 440 5567 quatuor
453 5499 661 5554 coronatorum
677 5504 786 5554 vestem
804 5499 870 5554 fecit
883 5501 917 5555 dc
932 5501 1033 5556 eodem
1048 5500 1149 5567 serico,
1172 5517 1240 5556 cum
1262 5499 1364 5555 tabula
1387 5500 1423 5555 de
1445 5496 1641 5570 chrysoclavo,
1657 5495 1814 5554 habentem

183 5591 349 5666 historiam,
366 5609 417 5649 seu
432 5593 608 5651 miracutum
625 5597 702 5669 quod
717 5597 859 5652 Dominus
875 5596 1008 5654 Christus
1024 5599 1060 5654 dc
1073 5599 1204 5672 qldnque
1220 5615 1331 5670 panum
1347 5602 1375 5652 et
1390 5595 1516 5668 piscium
1531 5593 1678 5651 alimentis
1689 5595 1816 5652 duorum

183 5691 314 5764 quinque
329 5692 423 5749 millia
437 5689 592 5749 hominnm
606 5695 791 5751 abundanter
805 5695 925 5751 satians.
944 5700 988 5752 est
1001 5699 1149 5768 operatus.

219 5787 296 5846 ΜΛ
312 5790 465 5847 interhac
480 5807 547 5848 vero
562 5807 626 5864 quae
651 5793 786 5867 superius
811 5793 920 5868 scripta
944 5798 1013 5850 sunt
1036 5792 1122 5866 cepit
1137 5794 1237 5849 crabro
1254 5789 1420 5846 nominatus
1437 5790 1642 5848 sanctissimus
1658 5789 1764 5865 praesul
1780 5791 1816 5848 de

182 5885 309 5960 manlia
324 5889 701 5961 melesiarnrmrectcribus,
716 5891 849 5949 videlieet
859 5885 1482 5967 episcopispresbyteris,diaconibusatque
1492 5889 1570 5944 omni
1582 5889 1815 5947 Christianorum
