4040 6170
108 207 186 274 tttta
462 205 648 279 HlS'l'OltIll
668 203 722 269 bit
741 201 850 266 virts
867 201 963 266 dett.
985 199 1103 264 PSN'l.
1117 233 1156 244 -
1174 202 1206 263 S.
1231 201 1442 265 ADRlANUS.
1735 204 1813 264 tter

177 339 268 396 beata
284 335 445 398 Petronills
460 337 496 394 ad
512 337 630 394 beatum
646 335 763 394 Petrum
779 333 944 408 apostatum
961 349 1046 390 arom
1062 337 1215 408 argenteos
1230 349 1290 402 sea,
1306 338 1464 406 pensantes
1479 333 1570 392 libras
1585 335 1810 410 quinquaginta.

179 433 392 496 Titulumvsro
406 439 514 492 saucia
531 433 665 492 Prnsodis
680 451 715 490 ex
730 437 813 506 porte
828 435 960 490 ruentem
978 431 1007 488 in
1023 432 1170 506 integrum
1183 431 1339 488 renovavit.
1357 432 1420 489 lma
1431 437 1460 490 ct
1473 433 1624 490 basilicam
1641 435 1812 492 sanctede-

179 533 270 610 genie
285 537 346 589 tam
362 531 443 590 intus
458 549 606 606 quamque
622 531 692 590 loris
707 550 724 588 a
739 549 812 588 novo
827 529 1011 588 restauravit.

189 631 294 714 ..Mb
315 629 414 688 Simili
425 631 512 688 modu
527 634 556 687 ct
570 627 722 687 basilicam
738 627 831 686 sancti
844 625 982 684 Gordiani
997 630 1084 700 atque
1100 625 1321 700 Epimachi,seu
1335 627 1533 686 caemeterium
1543 629 1676 702 ejusdcm
1687 629 1815 688 ecclesiae

179 721 323 804 Simplicii
337 733 426 800 atque
440 725 605 797 Semitiani,
616 730 705 800 atque
719 724 819 794 Quarti
835 729 864 782 et
878 724 977 792 Quinti
994 728 1167 798 martyrum,
1181 729 1209 782 et
1224 725 1313 782 heatae
1339 724 1453 798 Sophia
1477 743 1537 782 una
1562 745 1627 784 oum
1649 728 1814 785 coemeterio

180 825 278 884 sancti
294 815 467 884 Tertulliani
483 823 554 882 loris
569 829 684 898 portam
700 824 834 882 Latinam
850 840 868 880 a
882 839 954 880 novo
970 822 1126 890 renovavit,
1143 839 1255 880 necnon
1271 826 1301 879 ot
1315 821 1467 878 eeclesiam
1479 823 1554 880 beati
1566 824 1817 883 'tiburtiietVale-

181 919 267 993 riani,
284 926 375 997 atque
385 922 516 992 Maximi,
532 940 584 980 scu
600 921 753 980 basilicam
769 920 862 980 sancti
877 919 999 978 Zenonis
1014 937 1156 978 unacum
1171 919 1335 978 caemeterio
1350 925 1519 977 sanctorum
1534 921 1641 978 Urbani
1657 924 1814 994 pontificis,

143 1019 162 1080 5
182 1012 355 1080 Felicissimi
369 1025 398 1079 ct
409 1019 632 1096 Agapiti,atque
642 1019 774 1079 ianuarii
790 1023 819 1076 et
833 1013 931 1093 Cyrini
946 1021 1109 1092 martyrum
1125 1018 1195 1075 ioris
1210 1023 1325 1091 portam
1339 1018 1463 1092 Appiam
1479 1035 1537 1074 uno
1554 1018 1731 1078 cohaerentes
1741 1019 1815 1089 leco,

181 1137 246 1194 que
256 1129 291 1177 ex
301 1118 407 1193 priscis
418 1121 605 1175 marcuerant
617 1117 811 1192 temporibus,
823 1133 840 1172 a
854 1132 928 1174 novo
939 1113 1122 1172 restauravit.
1131 1115 1263 1190 Itemque
1272 1114 1392 1172 titulum
1401 1121 1508 1174 sancte
1517 1115 1568 1173 Dei
1579 1116 1734 1174 Gonitricis
1743 1134 1817 1174 sem·

181 1234 291 1292 perque
299 1214 425 1292 virginis
439 1195 628 1288 Mariosque
644 1218 765 1273 vocatur
779 1213 882 1272 Calixti
897 1219 979 1273 treus
993 1213 1133 1284 Tiberim,
1149 1231 1167 1271 a
1180 1231 1253 1271 nevo
1269 1213 1298 1270 in
1314 1213 1460 1288 integrum
1481 1232 1515 1272 ex
1539 1215 1619 1272 omni
1643 1215 1817 1273 restauravit

182 1319 283 1390 parte,
293 1305 383 1372 simili
401 1313 486 1370 mode
502 1317 530 1368 et
544 1311 665 1369 titulum
679 1311 773 1370 saneti
790 1309 929 1382 Marcelli,
945 1309 989 1366 virt
1004 1311 1075 1368 bata
1090 1311 1191 1380 situm,
1202 1328 1300 1368 nnove
1316 1312 1497 1368 restauravit.
1507 1313 1542 1368 tet
1552 1311 1704 1370 basilicam
1715 1330 1818 1370 coeme·

183 1405 249 1470 terii
264 1415 435 1468 sanctorum
451 1413 613 1485 martyrum
630 1408 784 1480 Hermetis,
801 1408 899 1466 Prothi
910 1413 939 1464 et
949 1407 1115 1484 Hyacinthi,
1126 1412 1214 1482 etque
1229 1409 1382 1466 basilicam
1391 1409 1471 1465 mirae
1481 1409 1819 1484 magnitudinisinnova-

127 1505 163 1570 1'0
182 1510 232 1568 vit.
249 1497 453 1566 Goemetarium
467 1524 533 1565 vero
546 1511 653 1564 sancte
670 1505 828 1568 Felicitatis
842 1506 889 1564 via
904 1505 1028 1580 Salaria,
1044 1524 1104 1564 una
1118 1524 1186 1563 cum
1211 1505 1343 1565 eeclesiis
1372 1505 1466 1563 saneti
1490 1505 1599 1564 Silvani
1624 1507 1771 1581 martyria,
1789 1509 1818 1564 at

181 1607 275 1666 saneti
290 1606 431 1664 Bonitacii
446 1605 623 1664 contessoris
636 1609 725 1678 atque
738 1605 897 1678 pontificis,
908 1621 966 1662 una
976 1603 1155 1662 cohaerentes
1165 1604 1238 1676 solo,
1250 1603 1330 1660 mira
1342 1605 1515 1661 restauravit
1530 1604 1814 1678 magnitudinisSod

181 1709 210 1763 et
224 1695 376 1763 basilicam
392 1703 487 1762 sancti
502 1703 663 1772 Saturnini,
679 1701 709 1759 in
725 1701 863 1775 praedicta
876 1701 923 1760 via
938 1701 1050 1761 Salaria
1064 1701 1201 1776 positam,
1217 1720 1277 1759 una
1292 1719 1359 1758 cum
1371 1702 1534 1759 coemeterio
1548 1707 1715 1760 sanctorum
1726 1701 1813 1776 Chry·

181 1803 259 1862 santi
271 1808 300 1860 et
315 1793 407 1860 Dorica
423 1801 583 1868 renovavit,
600 1805 688 1874 atqua
702 1799 900 1858 coemeterium
915 1804 1024 1858 sancte
1040 1800 1155 1858 llilaria
1170 1800 1328 1868 innovavit,
1341 1800 1401 1858 imo
1417 1805 1445 1858 et
1459 1800 1657 1858 coemeterium
1672 1801 1832 1870 dardane,

182 1917 258 1970 rum,
270 1893 404 1958 videlicet
416 1903 585 1957 sanctorum
596 1897 750 1955 Alexandri
762 1903 793 1954 et
800 1897 914 1966 Vitatis,
926 1903 956 1954 et
966 1897 1109 1956 Martialis
1120 1901 1352 1974 martyrum,eeu
1364 1903 1532 1955 sanctarum
1543 1903 1654 1972 septem
1660 1897 1815 1972 Virginem
1922 1887 1927 1892 ⁵

126 1996 162 2057 15
181 2008 198 2058 c
214 2015 287 2057 novo
303 1997 486 2056 restauravit.
503 1996 613 2054 Pariter
628 1996 658 2052 in
683 1995 785 2054 eadem
799 1994 847 2052 via
868 1994 980 2053 Salaria
1008 1995 1207 2056 coemeterium
1237 1996 1332 2054 sancti
1362 1991 1493 2054 Silvestri
1523 1995 1699 2054 contessoris
1728 1999 1816 2069 atque

181 2091 343 2166 Pontificio,
361 2095 545 2168 aliorumque
572 2099 743 2152 sanctorum
773 2092 946 2160 multorum,
960 2092 990 2149 in
1020 2091 1114 2150 ruinis
1143 2093 1272 2167 positum
1301 2093 1467 2162 renovavit3
1483 2111 1596 2150 necnon
1618 2097 1647 2150 et
1662 2093 1816 2151 ecclesiam

180 2195 274 2252 saneti
291 2189 405 2264 Felicis,
422 2193 548 2268 positam
575 2192 645 2250 ioris
668 2195 782 2266 partam
808 2191 1008 2262 Portuenscm,
1024 2209 1042 2248 a
1057 2209 1129 2248 nevo
1146 2191 1329 2250 restaurarit.
1346 2191 1499 2264 Simulque
1513 2197 1543 2249 et
1557 2192 1709 2250 basilicam
1730 2209 1815 2250 senc·

181 2299 278 2353 torum
292 2291 400 2350 Ahdou
413 2295 443 2349 at
456 2292 582 2360 Sennau,
599 2293 687 2364 atque
702 2290 792 2347 beatas
807 2289 955 2357 Candide,
970 2307 1031 2346 una
1044 2307 1112 2358 oum
1128 2289 1240 2348 ceteris
1255 2295 1424 2346 sauctorum
1440 2289 1613 2348 caemeteriis
1629 2290 1659 2347 in
1683 2290 1813 2364 idipsum

179 2386 288 2468 pariter
303 2393 460 2450 renovavit.
473 2392 552 2450 ldem
568 2390 703 2466 egregius
718 2389 824 2464 presul
840 2390 978 2464 praelatus
992 2389 1145 2448 basilicam
1161 2391 1272 2448 scilicet
1285 2391 1361 2448 beati
1373 2391 1491 2448 Adriani
1505 2391 1652 2466 martvris,
1662 2393 1690 2448 et
1700 2397 1815 2450 saneto-

19 2475 24 2484 ’
119 2491 159 2548 20
179 2509 247 2550 rum
261 2489 373 2550 Cesma
388 2493 417 2548 et
434 2489 575 2558 bamiaai,
592 2505 694 2547 anovo
710 2487 893 2546 restauravit.
911 2487 1066 2548 Diaconias
1090 2488 1254 2558 coustituit,
1270 2489 1300 2546 in
1316 2489 1424 2564 quihus
1439 2493 1468 2546 et
1483 2489 1576 2547 multe
1591 2491 1668 2548 hona
1684 2490 1751 2547 tecit
1766 2507 1817 2564 per

182 2607 268 2648 suam
280 2589 489 2662 sempiternam
501 2586 683 2656 memoriam,
695 2586 858 2644 concedens
868 2585 910 2644 eis
920 2601 1017 2660 agros,
1028 2586 1140 2654 vineas,
1150 2586 1264 2655 oliveto,
1275 2602 1385 2654 servos,
1397 2586 1519 2644 ancillas
1527 2591 1556 2642 et
1567 2586 1681 2660 peculia
1692 2587 1817 2656 diversa,

183 2691 271 2760 atque
282 2703 328 2744 res
343 2684 477 2754 mobiles,
489 2689 523 2742 ut
533 2684 569 2742 de
583 2684 678 2742 reditu
695 2699 794 2740 eorum
811 2681 921 2740 crebris
936 2684 1137 2742 exactionibus
1152 2683 1292 2740 diaconia
1307 2684 1492 2758 proficientes
1507 2701 1650 2758 pauperes
1659 2683 1764 2741 Christi
1776 2701 1817 2740 re·

183 2785 350 2844 ilcereutur.

219 2877 296 2940 840
312 2876 344 2938 lu
359 2881 557 2956 praelatavero
573 2879 707 2936 diaconia
731 2877 826 2936 sancti
843 2877 963 2936 addoni
979 2877 1086 2936 obtulit
1099 2878 1131 2956 in
1145 2883 1265 2954 argento
1280 2880 1409 2936 canistra
1423 2879 1590 2950 duodecim,
1601 2897 1698 2938 amam
1713 2898 1816 2954 unam,

184 2971 326 3056 scyphum
343 2995 448 3050 uuum,
464 2980 601 3051 patenam
616 2992 717 3046 unam,
734 2975 854 3034 calicem
870 2993 976 3046 unum,-
990 2975 1120 3034 amulam
1135 2977 1314 3034 offertoriam
1328 2994 1430 3046 uuam,
1444 2995 1525 3052 pens.
1542 2978 1609 3036 libr.
1626 2979 1777 3054 sexaginta
1791 2987 1820 3038 et

183 3082 306 3152 septem.
324 3075 397 3134 Item
409 3092 461 3149 per
473 3071 563 3132 nimis
578 3074 715 3132 solertem
727 3089 827 3130 curem
838 3077 927 3145 atque
946 3069 1123 3131 industriam
1143 3075 1334 3148 aqueductus
1350 3075 1516 3132 Sabbattna
1536 3093 1641 3134 anovo
1657 3077 1786 3134 lormata
1803 3095 1821 3135 a

183 3176 374 3233 fundamento
388 3173 537 3230 seditiosus
551 3171 657 3228 lauteri
673 3187 726 3228 sue
742 3171 825 3226 beato
842 3169 924 3226 Petro
940 3170 1070 3244 apostole
1083 3171 1220 3228 fluentem
1232 3188 1338 3245 aquarn
1350 3173 1494 3246 perduxit,
1502 3178 1564 3230 tam
1574 3174 1604 3231 in
1614 3175 1723 3232 iontem
1735 3177 1817 3233 hasi-

139 3279 162 3333 5
182 3274 256 3344 lice,
272 3274 322 3348 qui
337 3289 389 3347 per
402 3269 536 3330 vehicula
550 3267 738 3344 implebatur,
754 3283 844 3341 quam
858 3266 889 3322 in
905 3266 1013 3324 atrium
1028 3269 1162 3342 ejusdem
1178 3268 1305 3326 basilica
1320 3274 1349 3326 et
1363 3269 1452 3328 simul
1463 3270 1601 3330 balneum
1617 3273 1814 3331 inutilitatem

184 3372 405 3448 peregrinorum
414 3370 525 3428 ibidem
535 3367 724 3426 servientium
735 3382 906 3440 procurans.
918 3365 980 3422 Ime
990 3369 1019 3422 et
1029 3365 1181 3424 basilicam
1197 3359 1290 3422 sancti
1306 3367 1474 3436 Secundini,
1483 3369 1609 3441 positam
1621 3370 1651 3426 in
1665 3371 1735 3427 urhe
1746 3371 1816 3428 l‘rae·

185 3468 310 3542 uestina,
326 3467 376 3526 uhi
392 3483 498 3540 corpus
513 3466 580 3539 ejus
593 3463 729 3538 quiescit,
745 3463 775 3520 in
790 3462 884 3520 ruinis
898 3461 1027 3536 positam
1041 3480 1058 3519 a
1073 3479 1146 3520 novo
1161 3463 1344 3536 restauravit.

221 3561 295 3625 8⁴ss
317 3565 429 3622 Pariter
443 3563 531 3622 etiem
547 3567 579 3620 et
589 3561 620 3618 in
636 3559 759 3620 basilica
784 3558 863 3618 beati
891 3559 979 3634 primi
1008 3560 1146 3634 martyris
1174 3561 1326 3636 Stephani,
1344 3561 1401 3620 sita
1417 3563 1447 3619 in
1463 3563 1547 3624 calio
1563 3569 1672 3634 monte,
1688 3582 1752 3639 que
1768 3584 1820 3640 per

185 3661 295 3722 olitana
303 3668 436 3738 tempora
446 3664 642 3729 utareuerant,
653 3659 798 3716 maximas
809 3658 838 3714 in
851 3674 885 3714 ea
896 3657 995 3738 trahes
1004 3662 1086 3714 vasta
1096 3657 1185 3728 mole,
1195 3658 1267 3732 quin
1277 3659 1365 3716 etiam
1377 3661 1820 3732 portiensmirilloeintrinsecus

186 3767 214 3821 et
224 3761 406 3821 extrinsecus
417 3777 434 3816 a
444 3775 517 3816 novo
528 3757 685 3815 renovavit.
698 3757 785 3814 Porro
797 3761 825 3812 at
835 3756 865 3812 in
876 3755 1000 3813 basilica
1008 3755 1099 3814 beate
1110 3757 1257 3832 Eugenie,
1265 3773 1353 3830 quam
1362 3759 1425 3830 jam
1436 3759 1548 3816 dudum
1559 3760 1623 3832 ejus
1634 3766 1820 3820 renovaverat

185 3857 312 3928 almitas,
325 3858 462 3917 solertem
471 3857 502 3915 in
510 3872 656 3932 segerens
664 3871 776 3925 curam,
784 3853 994 3912 monasterium
1005 3853 1171 3926 puellarum
1180 3855 1292 3912 noviter
1301 3855 1410 3913 ibidem
1421 3873 1439 3912 a
1449 3856 1649 3915 fundamentis
1659 3861 1819 3932 edificans,

143 3954 166 4018 5
186 3949 338 4015 mustituit
353 3960 386 4013 ut
396 3954 508 4030 jugiter
530 3953 589 4010 illic
613 3951 833 4018 lieo,canerent
855 3951 969 4019 laudes,
984 3949 1118 4008 videlicet
1146 3951 1219 4025 hora
1245 3951 1351 4025 prima,
1368 3952 1465 4025 tertia,
1479 3957 1569 4022 sexta,
1583 3971 1670 4022 nona,
1686 3973 1817 4032 vespera,

187 4053 343 4112 matutina.
361 4053 393 4112 Iu
406 4068 466 4126 qua
480 4054 509 4111 et
522 4050 607 4126 plura
621 4049 730 4108 obtulit
743 4049 830 4118 done,
846 4049 876 4106 id
892 4051 946 4119 est,
962 4064 1058 4122 agros,
1074 4048 1185 4118 vineas,
1202 4050 1315 4119 domos,
1333 4066 1431 4108 servos
1447 4054 1476 4108 et
1489 4050 1621 4121 ancillas,
1637 4051 1819 4127 diversisque

186 4139 308 4226 peculiis
324 4155 354 4208 et
367 4147 485 4207 ceteris.
495 4147 654 4206 mobilibus
668 4147 758 4204 rebus
766 4146 886 4204 dotavit.
903 4145 959 4203 Sed
973 4147 1002 4202 et
1015 4145 1045 4201 in
1060 4144 1145 4202 timlo
1161 4144 1343 4204 Pammachii
1362 4150 1532 4204 sanctorum
1547 4148 1669 4208 Joannis
1684 4155 1713 4208 et
1727 4151 1819 4226 Pauli,

189 4257 253 4324 que
268 4265 319 4322 per
332 4243 447 4322 elapsos
462 4247 648 4304 marcuerant
662 4260 764 4314 annos,
782 4244 881 4302 omnia
896 4246 975 4301 sarta
990 4245 1067 4300 tecta
1081 4242 1213 4315 ejusdem
1229 4242 1307 4300 tituli
1323 4245 1480 4302 renovavit.

224 4337 302 4405 848
321 4337 449 4404 lliavoro
461 4343 596 4420 egregius
607 4342 742 4400 sacerdos
753 4341 789 4399 oh
800 4341 930 4399 nimium·
941 4357 1071 4398 amorem
1088 4341 1301 4399 consessionem
1316 4341 1393 4398 beati
1408 4341 1484 4400 Petri
1499 4347 1591 4401 totam
1607 4343 1688 4402 intus
1701 4361 1735 4402 ex
1751 4363 1821 4402 num

188 4443 348 4520 purissima
358 4437 389 4499 in
398 4428 519 4500 laminis
528 4440 710 4514 diversisque
724 4439 854 4496 historiis
866 4444 980 4513 compte
990 4439 1114 4507 ornavit,
1122 4439 1252 4513 pondera
1265 4444 1462 4497 trecentarum
1473 4439 1615 4497 librarum
1627 4443 1822 4516 ponens,atin

191 4546 306 4617 postem
321 4540 458 4617 superius
474 4541 606 4614 eJusdem
622 4555 711 4596 sacre
726 4537 918 4596 consessionis
933 4537 997 4595 auri
1013 4537 1203 4596 mundissimi
1218 4537 1309 4596 libras
1324 4538 1544 4612 tredecim,pari
1556 4541 1642 4597 modo
1652 4545 1681 4597 et
1691 4539 1721 4596 in
1730 4541 1823 4614 ipsius

190 4633 314 4715 apostoli
327 4637 521 4697 confessionis
536 4636 665 4694 liminari
681 4635 813 4692 interiori
826 4635 919 4693 libras
931 4635 1035 4710 viginti
1051 4634 1191 4710 quinque.
1207 4639 1366 4709 aspectum
1387 4653 1453 4694 vero
1469 4635 1571 4694 altaris
1585 4654 1673 4712 super
1688 4641 1822 4697 eamdam

149 4732 172 4796 5
191 4735 416 4808 consessionem,
434 4741 521 4810 atque
536 4735 646 4804 dextra,
663 4733 791 4807 laevaque
804 4738 887 4806 parte
899 4734 984 4806 justa
999 4733 1108 4807 gradus
1120 4735 1183 4806 jam
1199 4733 1283 4790 dictae
1299 4733 1490 4791 consessionis
1506 4736 1618 4792 addans
1627 4736 1657 4792 in
1668 4753 1702 4794 aa
1711 4738 1825 4812 argenti

190 4829 281 4893 libras
292 4840 410 4892 cantum
421 4833 542 4910 triginta
552 4849 601 4890 sex
611 4830 725 4888 curiose
736 4830 774 4904 (a)
786 4829 932 4888 renovavit
942 4829 1064 4904 ejusque
1076 4830 1213 4888 historias
1223 4847 1258 4888 ex
1268 4848 1338 4888 auro
1345 4831 1503 4904 purissimo
1511 4832 1602 4890 libras
1612 4833 1713 4892 decem
1725 4841 1826 4894 eteeta

193 4925 373 4990 nitidissime
387 4924 544 4989 decoravit.
556 4928 710 5000 Simulque
722 4929 750 4984 at
758 4927 915 4984 cantharas
931 4928 961 4983 in
971 4928 1072 4984 eadem
1082 4926 1133 4984 Dei
1142 4927 1265 4986 ecclesia
1278 4929 1408 5002 Apostoli
1423 4946 1545 4988 numero
1556 4932 1655 4989 dacem
1667 4935 1826 5006 renovavit,

192 5027 304 5086 addens
319 5025 350 5086 in
365 5029 407 5086 eis
422 5027 535 5104 argenti
549 5025 640 5084 libras
655 5028 784 5082 centum.
800 5025 870 5080 tnta
880 5024 990 5096 januas
1003 5041 1070 5082 vero
1086 5025 1239 5098 argenteas
1251 5026 1317 5083 iecit
1329 5027 1474 5084 canistros
1490 5034 1642 5103 argenteos
1658 5031 1825 5102 duodecim,

192 5141 315 5200 pensan.
330 5117 422 5184 lihras
436 5125 558 5200 triginta
572 5141 632 5182 sea.
648 5121 741 5179 Simili
757 5121 843 5178 modo
859 5125 887 5178 et
900 5121 930 5177 in
946 5125 1026 5180 turre
1046 5123 1190 5180 canistros
1214 5128 1368 5198 argenteos
1391 5125 1557 5198 duodecim,
1573 5145 1657 5200 pena.
1675 5130 1747 5186 inihi
1760 5129 1826 5186 libr.

133 5216 174 5283 to
193 5221 391 5299 quadraginta
406 5225 547 5300 quinque,
563 5222 594 5280 iu
608 5222 710 5280 eadem
726 5219 834 5294 quippe
848 5219 925 5278 beati
940 5219 1016 5278 Petri
1031 5219 1153 5278 ecclesia
1167 5237 1220 5296 per
1234 5219 1363 5280 diversas
1385 5239 1507 5282 coronas
1528 5224 1596 5282 lecit
1624 5225 1779 5299 delphinos
1794 5241 1828 5280 ex

192 5325 314 5398 argento
329 5319 422 5382 libras
436 5326 564 5380 centum.
1409 5361 1412 5368 .

229 5413 307 5480 MS
325 5414 362 5479 itt
375 5421 406 5478 iu
421 5415 545 5480 aeclesia
559 5417 636 5476 beati
652 5415 734 5474 Pausi
751 5414 875 5492 apostoli
889 5414 983 5474 instar
997 5432 1099 5476 eorum
1114 5433 1188 5491 quos
1203 5422 1343 5491 posuerat
1358 5417 1388 5477 in
1410 5420 1533 5478 ecclesia
1553 5419 1649 5478 saneti
1663 5418 1752 5488 Patri,
1768 5417 1828 5475 del·

723 5611 846 5660 NO'l'UlAE
866 5609 1058 5661 destinatas
1079 5611 1236 5660 ransom.

180 5715 217 5796 (n)
233 5727 268 5794 Β,
283 5722 441 5782 cariosum.

285 5850 423 5916 Patauio·
443 5847 602 5916 cxxiiii.
