4040 6170
208 203 287 268 issi
787 206 997 271 suassasn
1020 206 1334 270 cluulouuucanll
1805 219 1865 282 lats

279 335 373 394 decim
389 352 424 393 ex
438 339 570 410 argento,
582 351 704 410 pensan.
715 335 806 395 libras
816 337 1003 412 septuaginta
1014 341 1043 395 et
1054 341 1127 396 octo.
1140 337 1289 395 investivit
1296 354 1363 396 vero
1373 337 1464 396 altare
1474 339 1565 396 beata
1575 338 1726 398 Petronille
1734 359 1765 402 ex
1773 355 1868 422 argeum

277 435 437 509 purissimo
461 435 612 504 deaurato,
628 435 751 494 diversis
775 442 908 495 ornatam
924 437 1047 512 picturis
1062 437 1202 510 undique,
1217 454 1338 511 pensan.
1350 437 1441 496 libras
1454 443 1572 496 centum
1587 440 1730 515 eemginlu
1741 447 1766 500 et
1777 445 1838 504 duas
1848 454 1869 506 et

276 532 379 590 uncias
389 538 464 591 octo.
477 533 594 590 Necnon
610 529 757 591 investivit
772 534 864 593 altars
886 535 963 593 beati
977 533 1107 610 Gregorii
1123 535 1300 592 contessoris
1322 540 1410 608 atquc
1425 535 1572 610 pontilicis
1587 553 1621 594 ex
1635 543 1746 612 muto
1759 542 1870 604 deaurato

276 630 417 705 undique,
431 647 551 704 pensan.
562 629 653 689 libras
663 635 782 688 centum
792 631 896 706 viginti
912 636 940 690 et
955 636 1078 706 septem.
1090 631 1170 690 Fecit
1179 631 1230 688 ubi
1241 649 1331 706 supra
1345 632 1375 688 in
1390 633 1503 708 grando
1518 631 1644 691 basilice
1658 635 1730 692 beuti
1744 638 1808 696 Petri
1819 658 1871 716 apo

224 729 259 786 lc
277 727 344 786 stoli
359 728 502 786 cortinam
518 729 661 800 map'orem
674 729 900 787 Alexandrinam
915 728 1119 801 holosericam,
1133 729 1290 787 habentem
1305 729 1336 786 in
1356 729 1452 787 medic
1467 731 1639 804 adjunctum
1654 733 1802 805 fundatum,
1815 742 1838 794 et
1849 739 1872 796 iu

276 825 400 883 circuitu
411 829 548 883 ornatum
560 825 595 882 de
610 826 742 883 fundato.
753 826 953 884 verumetiam
969 826 1063 883 isdem
1079 826 1244 900 precipuus
1255 827 1361 901 presul
1373 827 1441 885 iecit
1455 827 1609 902 thuribula
1616 829 1767 902 apostolica
1777 848 1807 889 ex
1817 851 1872 894 num

277 923 436 998 purissimo
450 924 519 996 duo,
531 941 565 980 ex
580 923 689 997 quibus
705 939 797 982 unum
814 923 894 981 misit
909 924 989 980 intus
1005 939 1094 997 super
1108 939 1215 998 corpus
1230 925 1305 996 eJus,
1318 924 1396 998 quod
1412 941 1534 998 pensan.
1545 924 1761 994 librasduns‚et
1772 928 1873 990 alterum

278 1037 402 1096 pensan.
418 1021 508 1079 libras
524 1022 599 1079 duas
613 1025 642 1078 et
656 1020 759 1078 uncias
774 1025 850 1088 octo,
862 1022 940 1095 quod
953 1020 1091 1095 precedit
1105 1037 1158 1094 per
1173 1021 1326 1079 stationes.
1626 1019 1629 1024 “

221 1123 223 1130 ’
313 1121 388 1178 401
407 1119 460 1176 liin
473 1136 539 1177 vern
553 1117 699 1177 almificus
714 1118 821 1192 presul
835 1119 904 1177 iecit
917 1119 946 1174 in
962 1117 1115 1176 basilicam
1131 1119 1206 1176 beati
1220 1119 1302 1176 Pauli
1317 1119 1440 1194 apostoli
1455 1119 1609 1178 thuribula
1618 1121 1768 1196 apostolica
1780 1140 1809 1180 ex
1821 1141 1875 1182 auro

275 1217 436 1292 purissimo
446 1218 515 1275 duo.
528 1217 579 1274 ilic
592 1233 661 1274 vero
671 1215 816 1275 similinus
830 1216 938 1291 presul
951 1215 1097 1274 investivit
1111 1216 1216 1274 laniem
1226 1215 1328 1274 altaris
1342 1221 1450 1274 sancte
1462 1217 1510 1275 Dei
1526 1218 1680 1277 Genitrinis
1689 1219 1724 1276 ad
1734 1219 1843 1294 Presepa
1851 1239 1877 1279 aa

279 1318 400 1390 argento
414 1314 611 1372 mundissimo
627 1315 777 1385 deaurato,
789 1315 867 1389 quod
883 1331 966 1388 pens.
978 1313 1046 1371 libr.
1060 1314 1228 1389 octuaginta
1246 1317 1276 1372 et
1290 1331 1350 1373 sex.
1362 1315 1441 1373 Fecit
1454 1319 1553 1374 autem
1578 1315 1619 1372 ibi
1642 1333 1758 1374 coronas
1778 1319 1839 1375 duas
1850 1335 1876 1376 er
1966 1309 1967 1312 '

279 1416 400 1487 urgento
410 1412 570 1486 purissimo
580 1429 663 1486 pens.
675 1411 766 1469 libras
778 1411 993 1486 quinquaginta
1002 1415 1138 1485 quatuor.
1149 1411 1282 1470 Cuntinus
1297 1413 1424 1485 majores
1435 1412 1644 1470 Alexandrinas
1652 1412 1801 1472 holoserim
1811 1431 1877 1472 orna·

241 1511 260 1568 5
279 1513 325 1568 tus
338 1508 369 1567 in
383 1509 507 1567 circuitu
524 1510 559 1568 de
574 1510 707 1568 fundato.
719 1509 770 1566 liin
784 1527 851 1566 vero
867 1508 1032 1583 praecipuus
1053 1509 1159 1584 presul
1174 1525 1210 1566 ex
1224 1509 1358 1584 largitate
1381 1509 1591 1584 omnipotentis
1606 1510 1668 1582 Dei,
1682 1515 1711 1568 et
1732 1512 1800 1568 beati
1818 1512 1877 1570 Petri

277 1607 414 1684 clavigeri
428 1608 510 1682 regni
526 1607 676 1677 emiorum,
688 1607 795 1665 obtulit
809 1625 861 1681 per
874 1607 1026 1665 universas
1038 1611 1208 1665 sanctorum
1219 1624 1319 1666 sacras
1334 1606 1473 1666 ecclesias
1482 1607 1573 1680 buius
1583 1607 1667 1666 alme
1682 1609 1877 1667 Romanorumn

275 1707 321 1765 vel
336 1707 425 1765 etiam
440 1705 585 1764 canistros
595 1722 630 1763 ea
642 1709 763 1780 argenta)
775 1706 945 1779 purissimo,
954 1707 991 1763 ob
1002 1705 1119 1763 ueniam
1131 1705 1295 1763 facinorum
1307 1720 1445 1774 auorum3
1459 1705 1595 1764 videlicet
1606 1723 1614 1764 s
1625 1706 1654 1764 iu
1666 1705 1780 1764 ecclesia
1788 1706 1877 1764 Domini

278 1804 369 1862 nostri
385 1803 555 1872 salvatoris,
567 1819 632 1876 qua
647 1803 812 1878 appellatur
828 1802 1079 1872 Constantiniana,
1092 1803 1159 1860 lecit
1174 1820 1295 1860 coronas
1309 1819 1344 1860 ex
1358 1808 1479 1877 urgento
1500 1801 1672 1877 purissimo,
1683 1820 1793 1878 pensan.
1808 1803 1877 1861 libras

276 1901 381 1976 viginti
391 1904 463 1958 tres.
473 1901 510 1957 llt
518 1901 549 1957 in
559 1899 682 1958 basilica
692 1905 799 1958 sancta
811 1901 862 1958 Dei
873 1901 1028 1959 Genitricis
1038 1901 1074 1958 ed
1090 1901 1221 1974 Presepc
1230 1899 1324 1958 instar
1333 1899 1400 1957 lecit
1411 1917 1549 1958 coronam
1558 1904 1721 1976 exurgente
1732 1917 1808 1976 puro,
1818 1917 1879 1974 pens.

228 2000 263 2057 lc
280 1998 372 2057 libras
387 1997 537 2056 tredecim.
549 1999 584 2054 lit
598 1999 628 2054 in
643 1999 766 2056 basilica
782 2002 890 2056 sancte
905 1998 957 2055 Dei
967 1997 1123 2056 Genitricis
1138 1997 1169 2055 in
1183 1997 1269 2055 titulo
1279 1996 1384 2056 Gelixti
1399 1997 1468 2056 iecit
1483 2013 1621 2056 coronam
1637 2015 1671 2056 ex
1685 2001 1883 2072 urgentqpem.

283 2096 375 2154 libras
389 2093 530 2152 tredecim
541 2098 571 2152 et
580 2095 683 2154 uncins
693 2100 763 2152 tres.
776 2097 811 2152 ut
825 2095 854 2152 in
871 2094 1005 2153 diaconia
1019 2094 1114 2169 ipsius
1130 2095 1181 2152 Dei
1191 2093 1357 2165 Genitrinis,
1368 2112 1432 2169 que
1447 2093 1613 2168 appellatur
1634 2094 1767 2168 antiqua.
1778 2094 1885 2152 similiter

283 2193 352 2251 iecit
368 2208 506 2250 somnam
519 2209 554 2250 ex
568 2197 701 2267 argento,
712 2210 834 2267 pensan.
850 2192 942 2250 libras
963 2193 1114 2250 tredecim.
1125 2193 1162 2250 lit
1176 2192 1206 2250 iu
1221 2191 1344 2250 ecclesia
1365 2196 1473 2250 sancte
1487 2192 1539 2250 Dei
1558 2192 1714 2250 Genitn'cis
1727 2192 1761 2250 ad
1775 2192 1887 2267 uesper

287 2289 357 2348 lecit
371 2305 510 2346 coronam
525 2305 560 2347 ex
574 2293 704 2364 argento,
716 2307 839 2364 pensan.
851 2289 942 2347 libras
952 2290 1105 2348 duodecim
1116 2295 1145 2347 et
1155 2289 1256 2348 uncias
1267 2293 1336 2348 tres.
1348 2291 1384 2348 ut
1396 2290 1427 2347 in
1438 2288 1572 2348 diaconia
1586 2289 1681 2363 ipsius
1693 2289 1741 2348 Dei
1751 2289 1886 2357 Genitncis,

283 2405 348 2462 que
362 2387 528 2462 appellatur
537 2387 703 2456 Coamsdin,
713 2389 817 2446 endem
833 2388 920 2444 modo
929 2387 998 2444 lenit
1007 2405 1145 2444 coronam
1155 2405 1191 2445 ex
1200 2391 1331 2463 argento,
1344 2405 1427 2462 pens.
1439 2387 1530 2446 libras
1541 2388 1708 2457 duodecim,
1718 2404 1818 2446 necnon
1830 2391 1854 2444 et
1864 2387 1886 2444 in

233 2487 268 2545 15
284 2486 421 2544 diaconis
434 2489 542 2544 saneta
553 2485 604 2542 liei
615 2485 780 2553 Gonitricis,
789 2502 852 2558 qun
868 2484 1033 2558 appellatur
1048 2484 1210 2554 Dominicn,
1224 2485 1360 2543 similiter
1373 2485 1441 2544 lecit
1453 2501 1590 2543 coronam
1605 2501 1642 2543 ex
1656 2489 1780 2560 argento,
1789 2502 1888 2559 pensan.

285 2583 376 2641 libras
387 2599 501 2640 novem.
512 2585 549 2642 ut
562 2583 592 2640 in
607 2581 743 2640 diaconia
757 2587 865 2639 sancta
878 2581 929 2638 Dei
944 2581 1110 2651 (tonstrinis,
1123 2597 1187 2655 que
1203 2582 1323 2656 ponitur
1336 2583 1384 2640 via
1393 2583 1476 2652 Lata,
1487 2581 1553 2640 iecit
1567 2599 1706 2641 ceronam
1729 2597 1763 2642 ex
1783 2585 1888 2657 amerb,

287 2698 410 2755 pensan.
422 2680 512 2738 libras
527 2697 641 2738 novem.
652 2681 688 2737 Et
703 2681 733 2736 in
748 2678 882 2736 diaconia
897 2683 1005 2736 sancte
1025 2678 1123 2736 Maria
1138 2680 1168 2735 in
1179 2681 1251 2753 Cyro
1266 2679 1335 2737 lecit
1349 2695 1488 2738 somnam
1502 2683 1681 2755 argenteam,
1692 2695 1804 2754 pensan.
1817 2678 1887 2736 libras

285 2784 360 2838 neto.
372 2780 434 2836 lmo
449 2781 479 2836 et
493 2778 523 2836 in
539 2776 672 2836 diaconia
687 2779 778 2836 beata
790 2777 840 2834 Dei
854 2775 1092 2851 Genitricis,que
1107 2776 1227 2849 ponitur
1241 2777 1312 2835 ioris
1327 2781 1441 2851 portam
1456 2777 1533 2836 beati
1553 2779 1631 2835 Petri
1647 2776 1842 2852 apostoli,leeit
1853 2793 1889 2834 co·

285 2891 387 2935 ronam
403 2893 439 2934 ex
453 2879 585 2950 argento,
610 2891 731 2950 pensan.
755 2873 845 2932 libras
859 2873 989 2948 quinque
1005 2878 1033 2931 et
1048 2873 1151 2931 uncias
1164 2878 1234 2932 tres.
1246 2875 1281 2931 lit
1295 2874 1326 2931 in
1341 2873 1477 2933 diaconia
1498 2874 1593 2950 ipsius
1615 2876 1668 2933 Dei
1680 2874 1888 2947 tinnitrinisqua

233 2976 269 3034 00
286 2973 406 3049 ponitur
420 2973 451 3030 in
466 2973 603 3030 adriam.
620 2973 722 3030 ecdem
738 2972 825 3029 modo
841 2970 911 3029 feeit
925 2988 1064 3028 coronam
1079 2988 1114 3029 ex
1129 2975 1259 3046 urgento,
1275 2989 1398 3046 pensan.
1416 2972 1507 3030 librae
1522 2973 1665 3047 quinque.

320 3070 618 3130 scabrescentis
634 3069 760 3127 craterio
782 3072 890 3126 sancta
906 3069 958 3126 Dei
973 3068 1139 3138 Genitrinie,
1155 3086 1220 3144 qua
1242 3069 1361 3142 ponitur
1375 3069 1406 3131 iu
1422 3069 1607 3128 Xenodochin
1633 3069 1747 3138 limis,
1757 3068 1818 3128 lenit
1828 3065 1890 3124 caui·

285 3173 380 3227 strum
392 3183 427 3226 ex
436 3171 568 3242 argento,
581 3183 702 3241 pensan.
714 3167 806 3224 librae
817 3167 891 3224 duas
905 3169 935 3224 et
949 3155 1051 3223 uncias
1061 3169 1185 3240 septem.
1196 3166 1227 3224 ln
1238 3165 1361 3224 ecclesia
1372 3167 1450 3225 beati
1461 3167 1538 3224 Petri
1548 3167 1675 3241 apostoli
1686 3165 1891 3226 lenitnanistrun

286 3267 322 3324 de
337 3268 458 3340 argento
472 3263 643 3338 purissimo,
654 3281 776 3338 pensan.
788 3263 991 3338 librasviginti
1002 3263 1091 3333 duam
1102 3268 1131 3321 et
1144 3262 1174 3320 in
1189 3262 1312 3321 ecclesie
1326 3263 1403 3321 beati
1413 3263 1495 3322 Pauli
1511 3264 1636 3338 apostoli
1652 3263 1743 3322 instar
1756 3263 1816 3322 lecit
1827 3260 1891 3319 cani·

286 3367 382 3422 strum
396 3380 432 3421 ex
446 3365 567 3436 argento
581 3361 752 3435 purissimo,
767 3377 889 3434 pensam
902 3361 995 3418 libras
1007 3363 1043 3417 22
1057 3365 1087 3419 ct
1111 3360 1214 3419 uncias
1230 3364 1356 3434 quatuor
1369 3364 1399 3419 et
1412 3365 1487 3419 coto.
1505 3361 1567 3420 Imn
1590 3366 1622 3420 et
1646 3361 1678 3420 in
1700 3360 1813 3445 molesia
1832 3353 1891 3416 bault

250 3463 269 3519 5
285 3461 407 3518 andrea
422 3459 630 3533 apostolique
640 3457 806 3531 appellatur
815 3457 963 3526 lindesie,
974 3459 1076 3516 eodem
1087 3459 1174 3516 modo
1186 3457 1253 3516 lenit
1263 3475 1401 3516 coronam
1415 3458 1453 3516 de
1462 3461 1594 3532 argento,
1606 3475 1690 3533 pens.
1702 3459 1788 3518 libres
1800 3469 1889 3514 nosen.

286 3557 495 3614 verumetiam
507 3560 535 3613 at
549 3556 579 3611 in
594 3554 718 3612 ecclesia
729 3555 804 3612 beati
820 3554 943 3613 loannis
958 3554 1105 3629 baptiste,
1118 3572 1183 3629 que
1193 3555 1404 3630 poniturjuxta
1414 3555 1629 3629 patriarchium
1640 3558 1832 3623 Lateranense,
1841 3549 1891 3609 iecit

286 3669 424 3712 coronam
438 3653 475 3709 de
491 3655 622 3725 argento,
634 3667 756 3724 pensan.
767 3651 858 3708 libras
868 3651 1008 3726 quinque.
1021 3653 1082 3709 lmo
1098 3656 1127 3709 et
1141 3652 1172 3708 in
1187 3651 1310 3710 ecclesie
1325 3652 1401 3710 beati
1416 3653 1540 3711 loannis
1553 3653 1748 3728 evangeliste,
1758 3669 1815 3726 que
1827 3647 1890 3723 poui-

287 3756 337 3809 tnr
349 3749 399 3808 ubi
415 3765 513 3824 supra,
526 3747 595 3806 lecit
609 3765 747 3806 ceronam
763 3765 798 3806 ex
812 3752 943 3822 argento,
959 3765 1081 3822 pensan.
1097 3748 1188 3808 libras
1203 3749 1343 3824 quinque.
1360 3750 1433 3807 Item
1448 3753 1478 3807 ct
1493 3750 1522 3807 in
1538 3751 1663 3809 ecclesie
1677 3750 1751 3810 beati
1766 3743 1890 3822 Stephani,

286 3865 350 3924 que
366 3847 487 3922 ponitur
500 3845 530 3902 in
546 3845 633 3903 Coelin
649 3850 758 3913 monte,
770 3846 858 3904 simili
875 3847 962 3904 modo
975 3847 1043 3904 iecit
1057 3863 1195 3904 coronam
1210 3865 1244 3905 ex
1258 3851 1391 3922 argento,
1405 3865 1529 3921 pensan.
1544 3847 1637 3906 libras
1652 3853 1761 3923 septem
1774 3852 1800 3905 et
1811 3842 1891 3902 uncias

232 3947 267 4006 {0
285 3945 433 4004 undecim.
448 3945 484 4001 ut
497 3945 528 4000 in
543 3942 667 4000 basilica
688 3943 900 4017 apostolorum,
915 3961 979 4017 que
1000 3943 1121 4018 ponitur
1135 3944 1165 4002 in
1181 3943 1227 4001 via
1252 3949 1331 4014 tatu,
1347 3944 1416 4002 lenit
1429 3961 1568 4003 coronam
1592 3946 1630 4002 de
1653 3951 1779 4020 argento,
1793 3956 1890 4017 pensan

285 4045 376 4102 libras
390 4042 540 4101 tredecim.
558 4043 594 4099 ut
607 4041 638 4099 in
654 4040 778 4099 Musilsn
791 4041 883 4098 beate
898 4041 1072 4110 Petronille,
1088 4021 1166 4114 quod
1191 4041 1313 4116 ponitur
1325 4042 1362 4099 ed
1378 4042 1497 4100 beatum
1522 4043 1642 4102 Petrum
1665 4041 1828 4117 apostolum,
1841 4035 1891 4094 lacit

285 4159 423 4202 numnam
433 4159 468 4200 ex
480 4144 611 4216 argento,
624 4157 748 4213 pensan,
759 4139 852 4198 libras
860 4139 974 4214 viginti.
988 4141 1024 4197 ut
1037 4141 1067 4197 in
1078 4139 1201 4197 ecclesia
1216 4139 1481 4214 Hierusalemqua
1496 4141 1616 4214 ponitur
1630 4133 1892 4206 insenescentem
1966 4143 1967 4146 ’

195 4277 199 4284 ,
285 4255 422 4299 coronam
434 4241 470 4298 de
480 4242 611 4313 argento,
622 4254 745 4310 pensan.
757 4236 850 4295 libras
861 4237 1002 4312 quinque.
1014 4239 1050 4296 ut
1063 4239 1093 4294 in
1106 4237 1229 4296 ecclesia
1244 4237 1321 4296 beati
1332 4239 1492 4306 Laurentii,
1500 4255 1564 4312 que
1578 4240 1699 4313 ponitur
1708 4239 1775 4297 ioris
1787 4247 1892 4302 murum,

284 4338 420 4404 similiter
434 4337 502 4394 lecit
515 4351 653 4394 coronam
667 4336 702 4392 de
718 4339 851 4409 argento,
865 4352 986 4409 pensan.
999 4335 1091 4393 librae
1115 4335 1265 4393 tredecim.
1277 4336 1314 4393 ut
1326 4334 1358 4392 in
1372 4334 1497 4393 ecclesia
1520 4336 1596 4394 beati
1622 4335 1791 4411 Apollinaris
1804 4334 1891 4402 merit·

230 4438 267 4497 {5
285 4437 326 4496 ris
341 4435 410 4494 lenit
423 4448 572 4503 coronam,
585 4449 708 4507 pensan.
723 4431 815 4490 libras
830 4433 963 4507 quinque
978 4437 1007 4490 et
1027 4433 1132 4497 uncins
1146 4437 1283 4507 quatuor.
1294 4433 1404 4490 Verum
1427 4433 1559 4491 etiamst
1573 4434 1603 4491 in
1619 4434 1740 4494 basilice
1754 4429 1823 4490 beati
1835 4429 1891 4484 Pan·

283 4534 367 4592 oratii
381 4531 601 4607 martyriaque
616 4530 737 4604 ponitur
751 4528 822 4586 ioris
831 4547 961 4598 murum,
974 4530 1077 4587 eodem
1087 4530 1174 4587 modo
1190 4530 1259 4586 lenit
1273 4545 1411 4587 coronam
1426 4547 1462 4587 ex
1471 4535 1601 4604 argento,
1613 4549 1734 4606 pensan.
1745 4530 1825 4590 librae
1833 4527 1890 4583 octo·

283 4631 362 4689 Fecit
377 4633 474 4688 autem
490 4634 520 4687 et
535 4629 565 4686 in
580 4626 704 4687 ecclesia
718 4627 797 4684 beati
810 4626 957 4685 Valentini
973 4627 1123 4701 martyris,
1138 4642 1205 4700 que
1226 4627 1347 4700 ponitur
1361 4626 1432 4684 iuris
1457 4645 1589 4697 murum,
1604 4629 1655 4687 ubl
1680 4625 1846 4703 eorpusejm
1857 4635 1890 4676 rc·

283 4727 418 4799 quiescit,
434 4743 573 4785 coronam
588 4726 625 4783 de
639 4729 771 4800 argento,
782 4741 904 4800 pensan,
921 4722 1011 4782 libras
1026 4741 1086 4782 sex.
1097 4725 1134 4782 ut
1153 4724 1183 4782 in
1206 4723 1293 4782 titulo
1308 4725 1387 4782 beati
1401 4724 1560 4784 Clementis
1574 4726 1713 4802 martyris
1723 4761 1724 4764 =
1736 4729 1816 4798 etque
1834 4732 1889 4794 pcn-

283 4821 369 4882 tillnis
383 4823 450 4880 lenit
463 4837 601 4880 neronam
616 4823 653 4881 de
666 4827 797 4898 argento,
813 4837 935 4896 pensan.
952 4820 1042 4879 llbras
1058 4821 1237 4896 quindecim.

318 4920 396 4977 408
411 4921 445 4976 llt
460 4921 488 4976 in
504 4919 590 4977 titulo
604 4920 756 4978 beatorum
779 4919 889 4994 Aquila
904 4923 934 4978 et
949 4903 1052 4978 Prisce
1077 4919 1145 4978 lenit
1159 4935 1297 4978 coronam
1312 4935 1347 4977 ex
1357 4927 1492 4996 argento,
1509 4939 1631 4997 pensan.
1647 4921 1739 4980 libras
1760 4935 1814 4976 sex.
1827 4915 1856 4972 ltt
1866 4911 1888 4966 iu

282 5015 367 5072 titulo
381 5022 488 5073 sancte
502 5017 628 5092 Balbine
644 5018 780 5075 similiter
793 5017 869 5075 lecit:
887 5018 950 5074 lmo
964 5022 994 5075 et
1008 5018 1039 5074 in
1054 5016 1177 5076 ecclesia
1200 5017 1294 5074 saneti
1311 5017 1386 5076 Sixti
1409 5020 1548 5096 martyris
1572 5024 1663 5094 atque
1687 5013 1825 5094 pontilicis
1837 5005 1889 5066 lucii

282 5130 419 5172 cornuam
435 5114 577 5171 similiter.
595 5119 628 5170 ut
642 5116 671 5170 in
687 5114 773 5172 titulo
784 5114 878 5172 sancti
889 5115 1038 5174 Laurentii
1051 5115 1199 5190 martyris,
1211 5133 1275 5189 que
1290 5116 1410 5189 ponitur
1420 5119 1548 5188 Lunine,
1559 5115 1781 5182 similiterlscit,
1791 5121 1887 5186 pensan

280 5211 372 5270 libras
387 5215 514 5286 quatuor
527 5215 555 5266 et
565 5211 666 5268 uncias
677 5212 788 5269 decem.
800 5213 836 5269 Et
852 5213 882 5269 in
898 5212 984 5270 titulo
1008 5213 1102 5271 sancti
1127 5211 1277 5270 Laurentii
1291 5214 1439 5288 martyris,
1452 5215 1502 5290 qui
1518 5214 1684 5290 appellatur
1706 5207 1825 5276 Damasi,
1838 5200 1889 5261 itti
1966 5213 1967 5242 r

210 5359 215 5368 .
244 5311 263 5368 5
281 5325 419 5368 coronam
435 5323 470 5364 ex
480 5309 610 5380 argento,
622 5322 705 5378 pens.
718 5307 809 5364 librae
822 5310 962 5382 quinque.
974 5311 1010 5368 ut
1023 5309 1054 5367 in
1067 5309 1189 5368 ecclesia
1203 5309 1297 5384 ipsius
1308 5312 1457 5387 martyris,
1469 5331 1532 5388 que
1544 5313 1663 5387 ponitur
1674 5313 1828 5372 Formosus,
1838 5295 1890 5370 lecit

282 5406 445 5466 canistrum
460 5421 495 5462 ex
510 5407 642 5476 argento,
653 5421 775 5476 pensan.
789 5405 880 5464 libras
889 5407 964 5465 duas
975 5413 1004 5464 et
1014 5407 1116 5465 uncias
1131 5412 1255 5484 septem.
1268 5408 1323 5466 Sed
1335 5413 1364 5466 et
1374 5409 1404 5467 in
1414 5409 1499 5468 titulo
1509 5408 1690 5468 Pammachii
1703 5406 1888 5466 lmitmrcnsm

279 5520 314 5563 ex
328 5509 458 5579 argento,
470 5518 553 5576 pens.
565 5499 655 5558 libras
668 5502 711 5557 10.
724 5503 758 5558 ut
773 5503 803 5559 in
818 5503 903 5561 tilulo
916 5504 1077 5562 AEmilianae
1093 5506 1155 5579 pari
1168 5506 1254 5563 modo
1267 5505 1335 5564 lecit
1350 5522 1488 5565 coronam
1499 5509 1535 5566 ds
1546 5511 1677 5583 argento,
1688 5519 1802 5580 pensan.
1815 5497 1887 5554 libras

279 5603 307 5658 l.
318 5603 435 5660 Necnon
451 5605 479 5658 st
493 5601 523 5657 in
540 5597 624 5656 titulo
639 5599 733 5656 sancti
744 5600 862 5659 Eusebii
873 5602 940 5658 iecit
950 5619 1087 5660 coronam
1100 5603 1136 5660 de
1145 5607 1277 5676 argento,
1288 5618 1412 5676 pensan.
1426 5603 1517 5662 libras
1527 5623 1588 5664 sex.
1599 5607 1634 5664 nt
1643 5605 1673 5662 in
1683 5601 1765 5661 titulo
1774 5588 1886 5656 mustis

281 5699 351 5757 lecit
364 5715 512 5770 corenam,
526 5715 608 5773 pene.
625 5697 715 5755 libms
740 5699 880 5772 quinque.
896 5701 931 5757 Iit
944 5699 975 5757 in
989 5700 1075 5758 titulo
1100 5700 1241 5758 Pudentis
1266 5701 1335 5759 iecit
1359 5719 1496 5762 coronam
1521 5721 1556 5762 ex
1579 5705 1708 5779 argento,
1722 5713 1799 5773 psus.
1812 5691 1886 5749 libri¹

228 5798 395 5855 lbnnvem.
412 5797 473 5854 lmc
488 5801 517 5854 at
536 5797 567 5854 in
580 5794 666 5854 titulo
690 5795 767 5852 beati
781 5793 886 5852 Vitatis
901 5777 1038 5870 martyris
1062 5797 1131 5854 lecit
1153 5811 1292 5880 cornuam
1315 5814 1351 5857 ex
1374 5804 1505 5874 argento,
1521 5817 1641 5877 pensan.
1659 5798 1748 5858 libras
1761 5785 1885 5852 ueremni

280 5892 384 5956 uncias
397 5898 468 5955 tres.
479 5893 515 5955 ut
530 5893 561 5952 in
574 5893 660 5956 titulo
675 5895 782 5954 sancte
797 5892 940 5956 Susanna
959 5891 1096 5968 martyris
1111 5891 1249 5952 similiter
1262 5894 1332 5954 lenit
1352 5913 1501 5974 numnam,
1517 5914 1638 5977 pensan.
1653 5895 1743 5958 libras
1762 5881 1884 5952 emanet
