4052 6164
160 46 239 132 reri
560 66 744 131 arsroara
767 66 818 128 nn
838 61 940 130 virts
964 65 1059 127 sou.
1083 63 1287 128 ronnas.
1311 66 1386 128 nno
1407 65 1457 128 ιι.
1781 69 1858 132 rara

231 199 324 258 sancti
339 201 459 258 vocatur
466 199 606 274 Stephani
621 195 1168 268 etGessiani,restaurans‚niuncribus
1184 215 1216 254 uc
1232 197 1442 255 divitiislocum
1453 193 1624 273 plenissime
1639 201 1814 274 perornavit.
1827 202 1858 258 ln

233 301 310 374 quod
320 297 408 356 etiam
416 301 523 355 sanctae
531 295 758 356 conversationis
769 295 868 370 plures
879 297 992 354 Graecos
1003 312 1107 369 genere
1118 293 1244 352 instituit
1253 295 1421 365 monachos,
1430 295 1481 369 qui
1491 288 1860 374 omnipotenti,cidcmqiae

231 395 353 474 martyri
367 397 415 454 die
430 401 576 471 noctuque
590 396 693 454 laudes
708 395 914 470 persolverent.
933 395 996 466 lpse
1011 393 1129 467 quidem
1146 411 1162 450 a
1177 394 1235 450 Deo
1251 399 1398 467 protectus
1414 398 1443 453 et
1457 396 1631 452 venerabilis
1653 397 1759 470 praesul
1783 399 1861 455 intra

231 491 384 551 basilicam
400 494 476 551 beati
492 495 568 551 Petri
583 493 708 568 apostoli
722 492 873 551 oraculum
889 491 968 549 mirae
985 489 1213 566 pulchritudinis
1227 491 1395 565 summique
1406 491 1519 549 decoris
1529 493 1700 562 construxit,
1709 493 1860 569 quodpul-

79 645 87 652 .
179 571 213 649 1'0
232 591 311 648 chris
326 591 524 648 marmoribus
539 590 726 649 circumdans
740 591 893 665 splendide
907 589 1043 664 compsit,
1060 590 1252 663 absidamque
1266 587 1330 663 ejus
1345 605 1378 645 ex
1402 589 1516 646 musivo
1540 608 1627 648 aureo
1653 592 1860 666 superinducto

232 690 327 746 colore
342 687 471 763 glorifice
486 688 641 745 decoravit.
658 693 691 744 ln
706 705 763 762 quo
779 689 867 747 etiarn
881 686 1046 764 venerabile
1060 705 1166 762 corpus
1181 686 1258 745 beati
1277 687 1381 744 Leonis
1406 687 1581 747 confessoris
1604 696 1692 763 atque
1714 671 1861 765 pontilicis

234 787 404 854 recondens,
420 801 537 843 sacrum
553 785 679 859 desuper
693 786 855 842 construxit
870 781 971 854 altare,
983 787 1010 842 et
1025 783 1168 842 ciborium
1184 802 1250 842 cum
1265 801 1351 851 cruce
1366 788 1556 855 exaurata,od
1572 787 1689 846 laudem
1700 795 1728 847 et
1738 791 1861 864 gloriam

233 882 324 941 Chriti
341 882 469 940 nominis
484 871 538 941 hcc
555 881 650 940 fretus¹
662 901 760 941 amore
774 882 906 958 perfecit,
922 885 955 938 ut
969 879 1024 940 sihi
1041 882 1163 957 dignum
1179 883 1208 938 in
1224 881 1329 939 aethere
1345 882 1529 955 conquireret
1540 882 1648 940 locum.

271 1008 344 1067 5²1
367 1007 492 1066 Patentis
514 1009 614 1083 itaque
629 1007 767 1067 omnibus
791 1011 879 1081 atque
894 1006 1030 1081 perfectis
1045 1006 1192 1080 operibus,
1208 1023 1333 1080 quorum
1345 1008 1408 1080 jam
1424 1005 1576 1080 sigillatim
1592 1010 1728 1083 superius
1742 1015 1864 1071 nornine

234 1105 343 1180 scripta
366 1109 414 1164 vet
437 1112 598 1165 memorata
621 1111 701 1175 sunt,
716 1105 871 1164 confestim
883 1105 976 1164 isdnn
992 1108 1093 1177 pastor
1107 1109 1137 1161 et
1151 1105 1235 1162 Pater
1249 1106 1394 1180 egregius,
1410 1105 1545 1179 quamvis
1560 1107 1762 1185 universarum
1775 1113 1863 1184 proli.

235 1220 320 1260 cuam
335 1203 524 1262 ecclesiarum
541 1189 588 1262 Dei
603 1223 705 1263 curam
720 1205 899 1278 dignamque
908 1202 1135 1261 sollicitudinem
1145 1207 1266 1276 gereret,
1275 1207 1303 1260 et
1313 1204 1348 1260 ad
1360 1221 1447 1260 omne
1454 1221 1528 1278 opus
1539 1204 1649 1262 bonurn
1658 1223 1716 1279 prae
1726 1209 1864 1266 omnibus

234 1300 364 1360 intentus
379 1302 516 1362 existeret
530 1320 564 1360 ex
578 1302 682 1361 intimo
697 1303 794 1360 cordis
808 1301 855 1361 sui
870 1301 957 1377 longa
970 1302 1091 1359 trabeas
1106 1301 1243 1376 suspiria,
1261 1319 1327 1359 eum
1343 1301 1472 1376 quotidie
1487 1303 1650 1360 beatissimi
1665 1307 1865 1380 apostolorum

197 1401 218 1482 b
233 1397 375 1472 principis
391 1399 466 1457 Petri
483 1400 716 1458 sacratissimum
732 1399 822 1459 altare
836 1406 967 1460 cerneret
976 1399 1127 1472 dolatum,
1138 1403 1167 1456 et
1180 1401 1216 1457 ad
1232 1404 1345 1457 tantun
1360 1400 1578 1458 inhonestatem
1593 1421 1610 1458 a
1625 1403 1777 1462 Saracenis
1802 1422 1864 1478 per·

234 1496 303 1554 fidis
317 1497 435 1571 Deoque
450 1498 604 1556 contrariis
619 1503 649 1556 ct
661 1498 802 1556 vilitatem
816 1500 1002 1572 perductum,
1018 1499 1107 1556 etiam
1122 1502 1151 1556 ct
1165 1499 1254 1572 (quod
1271 1497 1401 1555 dolentes
1416 1503 1630 1572 moerentesque
1655 1500 1792 1576 dicimus)
1802 1502 1866 1576 ipse

234 1592 364 1667 undique
378 1594 578 1652 Christianum
593 1596 735 1670 populum
752 1597 788 1654 ad
798 1597 862 1669 jam
877 1596 928 1654 lati
945 1596 1087 1670 principis
1100 1593 1312 1668 sacratissima,
1327 1595 1467 1654 orationis
1480 1613 1569 1653 causa
1582 1597 1626 1654 vel
1642 1598 1745 1670 gratia,
1763 1598 1866 1656 limina

234 1691 374 1750 destinari
389 1697 529 1764 cerneret,
546 1698 575 1751 et
589 1695 625 1752 ob
640 1695 695 1753 hoc
709 1699 776 1752 vota
791 1711 845 1752 sua
860 1698 893 1750 ut
907 1692 977 1750 olim
993 1695 1131 1767 perfruere
1147 1711 1205 1751 non
1227 1690 1352 1768 pleniter
1377 1691 1549 1766 satagebat3
1565 1693 1630 1750 idco
1654 1695 1866 1768 omnipotentis

234 1790 349 1846 Domini
365 1791 457 1849 fretus
473 1790 591 1862 auxilio,
605 1797 694 1866 atque
705 1792 827 1850 oonsilio
847 1796 875 1849 st
888 1791 995 1849 virtute
1010 1791 1154 1860 munitus,
1170 1790 1266 1848 aureis
1282 1789 1430 1863 simulque
1445 1791 1592 1864 argenteis
1611 1790 1711 1850 talulis
1725 1811 1784 1851 non
1799 1797 1865 1851 tau-

182 1889 217 1944 to
235 1892 298 1944 tum
313 1889 528 1946 confessionem
543 1906 775 1960 sacram,verum
790 1890 878 1948 etiam
893 1891 1018 1948 frontem
1034 1889 1180 1962 sepedicti
1197 1887 1298 1946 alteris
1313 1887 1385 1945 satis
1400 1889 1536 1948 deeenter
1552 1893 1580 1946 et
1594 1889 1752 1948 honorifice
1767 1909 1866 1967 percr-

234 1984 366 2055 nevit3ut
380 2002 508 2058 presens
522 2004 575 2061 per
588 1988 689 2046 onnia
702 2005 776 2062 opus
790 1987 900 2046 ibidem
916 1987 1084 2046 dedicatum
1099 1986 1164 2043 luce
1179 1985 1287 2044 clarius
1301 1985 1682 2052 manifestatouamobrem
1697 1979 1865 2046 venerandii

237 2082 339 2141 altaris
363 2083 489 2140 frontem
510 2084 688 2160 precipuum
711 2084 819 2144 tabulis
834 2102 906 2142 auro
921 2086 1032 2158 optimo
1047 2085 1159 2142 noviter
1174 2082 1326 2152 dedicavit,
1343 2100 1401 2140 nnn
1417 2100 1483 2140 cam
1499 2085 1624 2158 gemmis
1639 2087 1867 2160 quamplurimis

237 2179 320 2237 valde
334 2179 454 2253 optimis
469 2197 502 2238 ao
516 2181 653 2255 pretiosis
667 2185 760 2240 totam
774 2182 977 2251 circumdedit,
985 2187 1014 2239 et
1024 2182 1055 2238 in
1065 2180 1216 2238 meliorem
1226 2181 1349 2255 utprius
1360 2184 1470 2238 statum
1481 2180 1674 2256 decoremque
1683 2185 1825 2257 perduxit
1835 2186 1867 2242 ln

238 2277 346 2350 quibus
362 2276 473 2336 scilicet
488 2279 636 2350 aureis,ut
651 2281 762 2338 dictum
777 2279 948 2349 est,tabulis
963 2297 1021 2338 non
1038 2278 1135 2337 solum
1150 2279 1352 2352 Redemptoris
1367 2279 1459 2336 nostri
1473 2280 1567 2337 forma
1581 2281 1697 2354 depicta
1706 2283 1868 2358 prefulget,

186 2375 221 2434 {5
239 2390 341 2434 verum
356 2376 459 2449 etejus
474 2377 648 2434 resurrectio
662 2378 836 2448 veneranda,
853 2381 941 2449 atque
955 2375 1098 2434 indicium
1112 2392 1201 2432 sacra
1217 2391 1250 2432 ac
1266 2375 1423 2432 salutifere
1438 2376 1544 2435 crucis.

276 2490 352 2548 518
372 2487 448 2548 Petri
463 2507 580 2566 quoque
594 2493 734 2566 Paulique
748 2493 857 2567 pariter
869 2493 969 2550 mlius
984 2497 1071 2566 atque
1085 2491 1206 2548 andrea
1220 2490 1250 2546 in
1264 2477 1484 2566 prenominatis
1499 2494 1609 2552 tabulis
1624 2497 1761 2554 simiiiter
1771 2497 1869 2571 splen·

239 2588 310 2644 deut
324 2593 411 2662 atque
425 2590 679 2648 coruscantzinter
688 2608 762 2664 quos
771 2585 951 2648 sanctissimi
963 2590 1059 2663 quarti
1076 2589 1180 2646 Leonis
1190 2588 1334 2662 presulis,
1343 2605 1455 2646 necnon
1466 2592 1699 2664 etspeciulissslii
1711 2595 1757 2651 sui
1768 2595 1870 2653 domni

239 2686 424 2760 imperatoris
449 2688 588 2757 bethurii,
605 2694 724 2763 propter
748 2689 877 2746 futuram
903 2688 1075 2745 memoriam
1091 2685 1151 2745 sive
1166 2686 1341 2754 mercedem,
1354 2703 1486 2759 persona
1500 2689 1559 2746 Deo
1575 2689 1679 2760 chara,
1696 2707 1749 2764 per
1763 2698 1870 2752 cuncta

240 2781 347 2844 whole
360 2781 531 2844 venerande
542 2787 663 2860 depictae
673 2790 752 2844 sant.
760 2786 839 2843 Fecit
851 2785 976 2859 denique
986 2783 1117 2843 tabulam
1129 2779 1165 2841 de
1175 2784 1291 2853 smalto,
1299 2801 1373 2857 opus
1386 2785 1527 2843 ducentas
1538 2787 1684 2844 sexdecim
1695 2805 1767 2846 auro
1778 2790 1869 2848 obrizi

204 2880 223 2936 5
240 2875 351 2954 pensan
366 2879 692 2941 libres.Conies'sionem
707 2897 773 2941 varo
783 2884 884 2942 crebro
894 2883 965 2940 dicti
976 2881 1196 2940 alturistabufis
1207 2886 1373 2956 exurgente
1382 2881 1771 2958 paretispurissimo,simili
1782 2887 1869 2948 modo

240 2983 302 3036 tota
316 2974 406 3036 animi
422 2977 573 3038 devotione
587 2982 623 3038 ad
639 2977 793 3056 antiquum
808 2981 898 3039 decus
912 2985 942 3039 et
955 2985 1064 3038 statum
1080 2980 1225 3054 perduxit.
1241 2980 1273 3037 ln
1288 2979 1396 3053 quibus
1411 2977 1589 3038 salvatorem
1603 2983 1633 3038 in
1649 2981 1754 3042 throno
1764 2987 1871 3044 seden-

241 3082 300 3134 tem
326 3072 525 3152 conspicimus
546 3080 689 3153 pretiosas
699 3080 730 3137 in
740 3079 834 3153 capite
843 3073 976 3154 gemmas
986 3071 1154 3148 habentem,
1171 3081 1199 3136 et
1214 3094 1231 3134 a
1245 3077 1353 3134 dextris
1374 3076 1455 3135 illius
1473 3075 1626 3150 cherubin,
1642 3097 1660 3138 a
1674 3081 1871 3157 levaquuque
1962 3093 1969 3106 “

243 3175 307 3248 elus
330 3170 429 3234 vultus
455 3173 654 3250 apostolorum
679 3173 908 3252 caeterorumque
923 3177 1064 3251 depictos.
1081 3177 1142 3234 imo
1158 3181 1187 3232 et
1202 3191 1291 3249 rugas
1307 3175 1375 3232 fecit
1390 3191 1479 3232 sacre
1495 3177 1688 3236 confessionis
1702 3197 1737 3238 ex
1751 3187 1871 3256 argento

243 3278 427 3332 constructas
443 3275 544 3333 vultus
561 3276 701 3334 habentes
716 3269 880 3334 beatissimi
897 3276 973 3334 Petri
989 3281 1017 3332 et
1032 3273 1124 3341 Pauli,
1153 3273 1503 3331 cnsanlibrasdacentas
1513 3279 1542 3331 st
1552 3276 1645 3332 ceteri
1667 3272 1698 3333 s'a
1708 3293 1775 3336 vero
1786 3296 1803 3335 a
1813 3281 1853 3337 De

189 3361 225 3431 th
244 3361 381 3430 amabilis
397 3318 691 3448 et’prud'entissln'rus
705 3375 835 3448 pontifex
849 3374 917 3431 fecit
929 3374 959 3430 in
974 3373 1097 3430 basilica
1110 3291 1187 3429 ogau
1203 3371 1278 3428 Petri
1294 3371 1418 3444 apostoli
1430 3370 1492 3428 velo
1502 3387 1536 3429 ex
1546 3387 1617 3430 auro
1630 3293 1708 3431 tgna
1716 3298 1873 3448 pendentfz

242 3461 276 3528 in¹
290 3471 418 3529 arcubus
433 3461 548 3546 compta
563 3471 593 3529 in
609 3459 733 3530 circuitu
749 3468 785 3528 da
800 3471 927 3529 blatthin
942 3487 1065 3528 numero
1081 3469 1353 3526 undecimNccncn
1364 3473 1393 3526 et
1403 3468 1433 3525 in
1444 3465 1571 3528 oratorio
1581 3473 1675 3529 sancti
1691 3474 1794 3531 Leonis
1804 3494 1875 3549 pon-

242 3568 331 3627 titicis
346 3570 423 3626 intre
437 3570 591 3628 ecclesiam
606 3570 683 3627 beati
698 3569 777 3626 Petri
792 3569 917 3644 apostoli
931 3568 999 3626 fecit
1013 3572 1124 3626 vestem
1139 3567 1265 3624 sericam
1280 3566 1376 3624 albam
1393 3566 1551 3641 sigillatam
1571 3584 1639 3625 cum
1653 3573 1830 3644 gammadiis
1845 3579 1874 3632 et

244 3657 379 3739 periclysi
395 3666 431 3722 do
446 3665 572 3723 blatthin
588 3682 689 3735 unam,
706 3671 736 3723 et
751 3655 813 3724 vela
827 3665 965 3724 similiter
979 3664 1046 3722 alba
1061 3665 1174 3738 maj0ra
1188 3664 1256 3734 duo,
1273 3665 1387 3721 minora
1402 3669 1476 3722 octo.
1493 3667 1529 3722 Et
1543 3665 1573 3722 in
1590 3669 1767 3728 monasterio
1781 3671 1875 3730 sancti

244 3759 372 3832 cesarii,
388 3765 465 3838 quod
481 3765 601 3837 ponitur
615 3765 644 3822 in
661 3764 779 3837 palatio,
796 3765 865 3821 fecit
878 3768 988 3822 vestem
1001 3765 1038 3820 de
1053 3764 1176 3821 fundato
1191 3779 1292 3833 anam,
1307 3767 1336 3819 et
1350 3762 1414 3820 vela
1430 3767 1507 3822 octo.

193 3883 196 3890 ’
281 3887 358 3946 ΜΔ
376 3887 441 3962 lpse
454 3903 521 3944 vero
536 3904 553 3943 a
567 3887 625 3944 Deo
641 3892 788 3962 protectus
803 3891 832 3944 et
845 3885 1020 3950 venerabilis
1034 3885 1164 3960 pontifex
1177 3889 1294 3960 propter
1308 3885 1530 3944 retributionem
1547 3892 1576 3944 et
1592 3889 1755 3946 mercedem
1770 3890 1875 3948 anime

244 4003 304 4042 suae
318 3985 387 4042 fecit
401 3985 430 4042 in
446 3983 610 4042 coemeterio
625 3985 715 4042 beate
730 3985 849 4060 Agathe
869 3984 1017 4058 martyris,
1035 3985 1112 4057 quod
1128 3984 1247 4057 ponitur
1262 3981 1332 4040 loris
1347 3987 1462 4056 portam
1476 3984 1552 4040 beati
1568 3986 1711 4042 Pancratii
1726 3989 1874 4062 martyris,

244 4089 355 4141 vestem
379 4085 416 4141 de
438 4083 559 4140 fundato
583 4099 684 4152 unam,
699 4087 728 4140 et
742 4082 805 4141 vela
819 4085 894 4140 octo.
911 4081 1052 4150 Quisnam
1068 4082 1163 4139 dicere
1178 4079 1283 4149 velent,
1298 4077 1342 4137 vel
1359 4093 1477 4137 narrare
1496 4081 1630 4139 sufficere
1645 4083 1747 4156 possit,
1765 4091 1875 4157 quanta

245 4181 308 4254 ipse
323 4198 340 4237 a
353 4180 411 4237 Deo
425 4186 572 4253 protectus
587 4183 615 4236 et
630 4179 840 4238 solertissimus
854 4199 930 4255 papa
945 4179 1055 4237 sanctis
1070 4179 1142 4236 locis
1158 4181 1260 4236 devota
1275 4177 1382 4236 obtulit
1396 4183 1494 4234 mente
1509 4179 1604 4235 donat
1614 4181 1686 4236 Nem
1697 4180 1727 4236 in
1738 4182 1873 4254 oratorio,

210 4279 229 4334 5
248 4278 325 4350 quod
346 4275 427 4334 Pauli
450 4277 558 4334 dieitur
581 4293 672 4351 pape,
689 4278 769 4334 mirae
785 4276 1016 4352 pulchritudinis
1030 4275 1138 4332 obtulit
1152 4279 1261 4333 vestem
1278 4273 1453 4359 aquilarum,
1471 4273 1626 4331 habentem
1641 4274 1793 4333 historiam
1808 4294 1875 4336 cum

246 4391 332 4432 cruce
347 4374 383 4431 de
398 4374 583 4449 chrysoclavo
597 4379 625 4432 et
639 4375 815 4450 gammadiis
830 4392 931 4433 onam.
944 4374 1022 4433 Fecit
1038 4379 1135 4431 autem
1151 4373 1181 4430 in
1197 4373 1322 4432 oratorio
1337 4376 1506 4430 sanctorum
1522 4371 1652 4429 Processi
1667 4377 1695 4429 et
1709 4373 1877 4433 Martiniani

246 4471 412 4546 splendoris
426 4490 484 4531 non
499 4473 606 4531 modici
622 4477 731 4532 vestem
746 4491 814 4531 curn
830 4474 901 4532 rotis
917 4478 945 4531 et
958 4473 1138 4540 hominibus,
1155 4475 1183 4528 et
1197 4471 1351 4528 historiam
1366 4487 1433 4528 enm
1449 4485 1545 4539 cruce,
1562 4469 1742 4527 similiterde
1757 4471 1877 4546 chryso-

246 4571 374 4639 clavo‚et
384 4569 583 4646 gammediam
593 4571 874 4630 unam.Aliamvero
885 4576 995 4630 vestem
1012 4571 1129 4645 fulgidae
1144 4568 1265 4628 visionis
1281 4569 1311 4626 in
1327 4569 1563 4626 basilicasanetae
1575 4567 1736 4625 Petronillae
1746 4569 1877 4643 perfecit,

246 4667 414 4739 habentem,
431 4672 525 4727 rotam
538 4668 728 4744 aquilamque
744 4687 811 4729 cum
827 4688 912 4728 cruca
927 4671 963 4728 de
976 4669 1163 4744 chrysoclavo
1178 4673 1207 4726 et
1222 4667 1398 4743 gammadiis
1414 4681 1514 4724 unam.

284 4769 359 4852 5'1'5¹
379 4791 491 4852 Obtulit
517 4809 583 4851 vere
598 4793 628 4850 in
644 4793 768 4856 oratorio
785 4797 891 4852 sancte
905 4793 957 4852 Dei
971 4793 1127 4852 Genitricis
1143 4809 1260 4865 semper
1273 4790 1395 4865 virginis
1410 4781 1534 4848 dominae
1556 4793 1660 4846 nostre
1676 4789 1783 4860 Mariae,
1799 4793 1878 4865 quod

246 4893 276 4948 in
290 4890 426 4950 mediana
440 4890 584 4962 consistit,
599 4895 709 4949 vestem
725 4891 861 4950 similiter
876 4909 943 4950 oum
963 4891 1036 4950 rotis
1047 4889 1212 4964 aquilisque
1226 4893 1255 4946 et
1269 4906 1355 4945 cruce
1367 4889 1403 4944 de
1419 4886 1604 4962 chrysoclavo
1620 4904 1686 4944 oum
1702 4889 1879 4962 gammadiis

247 5007 348 5047 unam.
366 4989 445 5047 Fecit
459 4990 578 5064 quidem
593 4989 624 5046 in
640 4989 766 5049 oratorio
781 4990 875 5048 sancti
889 4989 1009 5047 Adriani
1022 4991 1132 5047 vestern'
1147 5005 1215 5045 cum
1231 4985 1303 5044 rotis
1317 4985 1530 5060 hominumque
1544 4986 1696 5060 effigiebus
1711 5004 1778 5044 cum
1794 5004 1879 5044 cruce

246 5086 383 5146 similiter
393 5089 428 5145 de
438 5087 623 5163 chrysoclavo
634 5092 663 5145 et
672 5088 849 5162 gammadiis
863 5105 963 5145 unam.
972 5089 1036 5162 lpse
1051 5103 1117 5144 vero
1130 5085 1238 5159 saepius
1249 5089 1430 5142 memoratus
1442 5088 1470 5142 et
1482 5083 1672 5156 beatissimus
1687 5103 1763 5159 papa
1773 5083 1879 5142 obtulit

209 5187 228 5243 5
247 5185 278 5242 in
294 5184 417 5243 basilica
429 5184 522 5242 sancti
537 5183 701 5243 Sebastiani
716 5183 935 5259 martyriaque
950 5185 980 5241 in
997 5185 1133 5242 frascata
1147 5183 1411 5252 consistit‚vestem
1424 5181 1642 5256 pretiosissima
1658 5180 1800 5238 claritatis
1810 5172 1878 5237 cum

247 5297 334 5339 cruce
348 5283 384 5338 de
399 5280 585 5356 chrysoclavo
600 5286 629 5340 et
643 5281 821 5356 gammadiis
835 5299 936 5340 unam.
954 5283 1008 5350 Qui
1024 5299 1161 5339 summus
1175 5284 1205 5338 et
1219 5279 1384 5354 precipuus
1400 5278 1508 5354 presul
1523 5281 1591 5337 lecit
1609 5279 1639 5336 in
1657 5277 1778 5334 basilica
1800 5276 1878 5333 beati

248 5380 323 5440 Petri
337 5379 461 5454 apostoli
478 5377 621 5438 cortinam
636 5379 830 5438 holosericam
845 5396 913 5438 cum
927 5380 1058 5440 historiis
1073 5379 1175 5437 multis
1190 5378 1331 5436 claritatis
1347 5377 1497 5436 immensae
1514 5379 1549 5434 ad
1566 5378 1697 5434 decorem
1713 5377 1741 5431 et
1754 5372 1878 5446 gloriam

248 5479 342 5554 ipsius
358 5477 563 5536 sacratissime
579 5478 706 5538 basilice
722 5495 821 5536 unam.
830 5479 904 5537 Cum
918 5496 985 5539 vero
1000 5479 1108 5550 hac,t
1080 5483 1108 5536 et
1124 5495 1188 5552 que
1203 5477 1314 5552 scripta
1329 5480 1408 5550 sunt,
1417 5478 1472 5534 Leo
1487 5476 1531 5531 vir
1546 5473 1620 5530 beat'
1613 5472 1736 5528 issimus
1746 5475 1878 5545 quartas·

247 5593 304 5662 que
315 5577 422 5650 praesul
437 5577 560 5635 Domino
574 5577 729 5636 solatiante
738 5593 847 5634 amoris
863 5594 896 5634 ac
907 5577 1044 5634 desiderii
1054 5577 1147 5652 gratio
1157 5573 1370 5649 perdiverso
1343 5591 1459 5648 prorum
1469 5571 1710 5628 locosanctorum
1721 5568 1878 5642 perfectius

193 5671 234 5732 10
249 5674 432 5764 contulisset,
448 5679 518 5734 lunc
533 5675 569 5734 de
584 5679 719 5733 Romane
737 5673 860 5732 urbist
834 5692 848 5732 s
848 5678 912 5732 tatu
928 5691 961 5732 ac
976 5674 1188 5733 restauratione
1200 5689 1353 5731 murorum
1356 5689 1421 5745 ,qur
1414 5669 1589 5744 longojam
1605 5667 1686 5725 senio
1701 5659 1879 5743 atquevetu·

248 5775 324 5852 stote
339 5772 432 5832 nimia
446 5772 531 5830 fracti
545 5772 693 5846 dirutiqus
707 5769 841 5830 funditus
850 5771 1025 5830 videbantur
1027 5772 1129 5849 ,caepit
1140 5789 1208 5830 cum
1219 5772 1288 5830 lesu
1299 5768 1404 5826 Christi
1416 5765 1531 5823 Domini
1540 5770 1665 5825 tractare
1681 5756 1827 5833 consultu,
1842 5781 1880 5822 ne

248 5867 274 5927 si
290 5869 342 5928 diu
357 5858 412 5928 s'ub
427 5871 483 5930 hac
494 5869 705 5945 negligentra
682 5885 742 5927 srva
752 5863 896 5927 obliviosae
906 5869 1108 5941 consisterent,
1116 5873 1168 5928 aut
1181 5867 1305 5926 Domino
1315 5863 1503 5939 permittente
1514 5848 1629 5921 facilius
1640 5863 1675 5920 ab
1684 5853 1818 5920 hostibus
1829 5864 1880 5920 aut

249 5967 314 6044 cepi
330 5973 382 6029 aut
395 5969 494 6029 forem
509 5965 671 6045 expugnari
685 5965 876 6044 potuissent:
893 5966 968 6043 ideo,
985 5985 1022 6029 ue
1037 5967 1116 6028 hoc
1107 5985 1138 6027 ιιι
1152 5967 1285 6028 futurum
1301 5961 1413 6022 malum
1428 5961 1520 6038 tieret,
1537 5975 1639 6022 omnes
1662 5957 1880 6041 prenominata
