<?xml version="1.0" encoding="UTF-8"?>
<!DOCTYPE html PUBLIC "-//W3C//DTD XHTML 1.0 Transitional//EN"
    "http://www.w3.org/TR/xhtml1/DTD/xhtml1-transitional.dtd">
<html xmlns="http://www.w3.org/1999/xhtml" xml:lang="en" lang="en">
 <head>
  <title>
</title>
<meta http-equiv="Content-Type" content="text/html;charset=utf-8" />
  <meta name='ocr-system' content='tesseract 3.04.00' />
  <meta name='ocr-capabilities' content='ocr_page ocr_carea ocr_par ocr_line ocrx_word'/>
</head>
<body>
  <div class='ocr_page' id='page_1' title='image "./patrologiaecurs94unkngoog_0581.png"; bbox 0 0 4040 6170; ppageno 0'>
   <div class='ocr_carea' id='block_1_1' title="bbox 201 135 1872 224">
    <p class='ocr_par' dir='ltr' id='par_1_1' title="bbox 201 135 1872 224">
     <span class='ocr_line' id='line_1_1' title="bbox 201 135 1872 224; baseline 0.014 -24"><span class='ocrx_word' id='word_1_1' title='bbox 201 135 275 200; x_wconf 78' lang='lat' dir='ltr'><strong>ilbi</strong></span> <span class='ocrx_word' id='word_1_2' title='bbox 776 141 982 206; x_wconf 77' lang='lat' dir='ltr'><strong>aussvastl</strong></span> <span class='ocrx_word' id='word_1_3' title='bbox 1004 145 1329 210; x_wconf 77' lang='lat' dir='ltr'><strong>sistrovsscssll.</strong></span> <span class='ocrx_word' id='word_1_4' title='bbox 1807 159 1872 224; x_wconf 78' lang='lat' dir='ltr'><strong>titt</strong></span> 
     </span>
    </p>
   </div>
   <div class='ocr_carea' id='block_1_2' title="bbox 181 269 1976 3882">
    <p class='ocr_par' dir='ltr' id='par_1_2' title="bbox 271 269 1874 360">
     <span class='ocr_line' id='line_1_2' title="bbox 271 269 1874 360; baseline 0.013 -32"><span class='ocrx_word' id='word_1_5' title='bbox 271 269 382 328; x_wconf 87' lang='lat' dir='ltr'><strong>dicium</strong></span> <span class='ocrx_word' id='word_1_6' title='bbox 398 269 502 328; x_wconf 87' lang='lat' dir='ltr'><strong>ducem</strong></span> <span class='ocrx_word' id='word_1_7' title='bbox 518 269 748 348; x_wconf 90' lang='lat' dir='ltr'><strong>Spoletinum,ut</strong></span> <span class='ocrx_word' id='word_1_8' title='bbox 762 292 811 334; x_wconf 89' lang='lat' dir='ltr'><strong>cos</strong></span> <span class='ocrx_word' id='word_1_9' title='bbox 825 281 907 336; x_wconf 90' lang='lat' dir='ltr'><strong>trans</strong></span> <span class='ocrx_word' id='word_1_10' title='bbox 922 280 1035 336; x_wconf 86' lang='lat' dir='ltr'><strong>Padum</strong></span> <span class='ocrx_word' id='word_1_11' title='bbox 1050 281 1087 337; x_wconf 86' lang='lat' dir='ltr'><strong>ad</strong></span> <span class='ocrx_word' id='word_1_12' title='bbox 1105 280 1287 338; x_wconf 88' lang='lat' dir='ltr'><strong>Desiderium</strong></span> <span class='ocrx_word' id='word_1_13' title='bbox 1303 298 1390 338; x_wconf 91' lang='lat' dir='ltr'><strong>suum</strong></span> <span class='ocrx_word' id='word_1_14' title='bbox 1404 282 1573 340; x_wconf 81' lang='lat' dir='ltr'><strong>deduxisset</strong></span> <span class='ocrx_word' id='word_1_15' title='bbox 1586 299 1681 358; x_wconf 89' lang='lat' dir='ltr'><strong>regem</strong></span> <span class='ocrx_word' id='word_1_16' title='bbox 1694 284 1874 360; x_wconf 82' lang='lat' dir='ltr'><strong>Longobardo·</strong></span> 
     </span>
    </p>

    <p class='ocr_par' dir='ltr' id='par_1_3' title="bbox 235 367 1881 1023">
     <span class='ocr_line' id='line_1_3' title="bbox 235 367 1875 455; baseline 0.012 -29"><span class='ocrx_word' id='word_1_17' title='bbox 235 369 254 426; x_wconf 91' lang='lat'>5</span> <span class='ocrx_word' id='word_1_18' title='bbox 272 385 349 436; x_wconf 90' lang='lat' dir='ltr'><strong>rum,</strong></span> <span class='ocrx_word' id='word_1_19' title='bbox 361 367 486 424; x_wconf 81' lang='lat' dir='ltr'><strong>nitentes</strong></span> <span class='ocrx_word' id='word_1_20' title='bbox 501 370 538 426; x_wconf 92' lang='lat' dir='ltr'><strong>ob</strong></span> <span class='ocrx_word' id='word_1_21' title='bbox 554 369 608 428; x_wconf 90' lang='lat' dir='ltr'><strong>hoe</strong></span> <span class='ocrx_word' id='word_1_22' title='bbox 625 373 855 446; x_wconf 89' lang='lat' dir='ltr'><strong>redemptionem</strong></span> <span class='ocrx_word' id='word_1_23' title='bbox 871 382 977 435; x_wconf 79' lang='lat' dir='ltr'><strong>sancta</strong></span> <span class='ocrx_word' id='word_1_24' title='bbox 995 379 1043 436; x_wconf 87' lang='lat' dir='ltr'><strong>llei</strong></span> <span class='ocrx_word' id='word_1_25' title='bbox 1060 379 1191 437; x_wconf 76' lang='lat' dir='ltr'><strong>Ecclesiae</strong></span> <span class='ocrx_word' id='word_1_26' title='bbox 1207 381 1354 454; x_wconf 88' lang='lat' dir='ltr'><strong>perllcere.</strong></span> <span class='ocrx_word' id='word_1_27' title='bbox 1371 383 1486 455; x_wconf 80' lang='lat' dir='ltr'><strong>anque</strong></span> <span class='ocrx_word' id='word_1_28' title='bbox 1500 381 1577 438; x_wconf 90' lang='lat' dir='ltr'><strong>idem</strong></span> <span class='ocrx_word' id='word_1_29' title='bbox 1593 381 1756 455; x_wconf 77' lang='lat' dir='ltr'><strong>Spoletinus</strong></span> <span class='ocrx_word' id='word_1_30' title='bbox 1773 369 1825 444; x_wconf 83' lang='lat' dir='ltr'><strong>dun</strong></span> <span class='ocrx_word' id='word_1_31' title='bbox 1846 391 1875 446; x_wconf 86' lang='lat' dir='ltr'><strong>ad</strong></span> 
     </span>
     <span class='ocr_line' id='line_1_4' title="bbox 271 466 1877 560; baseline 0.013 -38"><span class='ocrx_word' id='word_1_32' title='bbox 271 482 357 522; x_wconf 91' lang='lat' dir='ltr'><strong>suum</strong></span> <span class='ocrx_word' id='word_1_33' title='bbox 375 466 537 539; x_wconf 73' lang='lat' dir='ltr'><strong>deportavit</strong></span> <span class='ocrx_word' id='word_1_34' title='bbox 551 487 659 544; x_wconf 87' lang='lat' dir='ltr'><strong>regern.</strong></span> <span class='ocrx_word' id='word_1_35' title='bbox 675 473 710 528; x_wconf 79' lang='lat' dir='ltr'><strong>lit</strong></span> <span class='ocrx_word' id='word_1_36' title='bbox 725 474 795 530; x_wconf 92' lang='lat' dir='ltr'><strong>dum</strong></span> <span class='ocrx_word' id='word_1_37' title='bbox 811 477 876 547; x_wconf 87' lang='lat' dir='ltr'><strong>ejus</strong></span> <span class='ocrx_word' id='word_1_38' title='bbox 892 477 1044 533; x_wconf 90' lang='lat' dir='ltr'><strong>obtutibus</strong></span> <span class='ocrx_word' id='word_1_39' title='bbox 1060 479 1225 550; x_wconf 78' lang='lat' dir='ltr'><strong>presentati</strong></span> <span class='ocrx_word' id='word_1_40' title='bbox 1239 477 1373 546; x_wconf 88' lang='lat' dir='ltr'><strong>luissent,</strong></span> <span class='ocrx_word' id='word_1_41' title='bbox 1389 479 1493 536; x_wconf 81' lang='lat' dir='ltr'>obnixe</span> <span class='ocrx_word' id='word_1_42' title='bbox 1517 481 1652 536; x_wconf 89' lang='lat' dir='ltr'><strong>eumdem</strong></span> <span class='ocrx_word' id='word_1_43' title='bbox 1676 497 1769 555; x_wconf 87' lang='lat' dir='ltr'><strong>regern</strong></span> <span class='ocrx_word' id='word_1_44' title='bbox 1791 483 1877 560; x_wconf 81' lang='lat' dir='ltr'><strong>depru-</strong></span> 
     </span>
     <span class='ocr_line' id='line_1_5' title="bbox 271 562 1877 655; baseline 0.013 -36"><span class='ocrx_word' id='word_1_45' title='bbox 271 562 327 620; x_wconf 87' lang='lat' dir='ltr'><strong>eati</strong></span> <span class='ocrx_word' id='word_1_46' title='bbox 342 569 412 621; x_wconf 90' lang='lat' dir='ltr'><strong>suut</strong></span> <span class='ocrx_word' id='word_1_47' title='bbox 427 566 491 638; x_wconf 89' lang='lat' dir='ltr'><strong>ejus</strong></span> <span class='ocrx_word' id='word_1_48' title='bbox 506 568 648 626; x_wconf 83' lang='lat' dir='ltr'><strong>auxilium</strong></span> <span class='ocrx_word' id='word_1_49' title='bbox 663 571 752 627; x_wconf 92' lang='lat' dir='ltr'><strong>tribui</strong></span> <span class='ocrx_word' id='word_1_50' title='bbox 768 577 801 628; x_wconf 93' lang='lat' dir='ltr'><strong>ut</strong></span> <span class='ocrx_word' id='word_1_51' title='bbox 816 573 883 630; x_wconf 92' lang='lat' dir='ltr'><strong>talis</strong></span> <span class='ocrx_word' id='word_1_52' title='bbox 899 575 1037 632; x_wconf 89' lang='lat' dir='ltr'><strong>novitatis</strong></span> <span class='ocrx_word' id='word_1_53' title='bbox 1052 593 1132 632; x_wconf 89' lang='lat' dir='ltr'><strong>error</strong></span> <span class='ocrx_word' id='word_1_54' title='bbox 1147 579 1183 634; x_wconf 92' lang='lat' dir='ltr'><strong>ab</strong></span> <span class='ocrx_word' id='word_1_55' title='bbox 1199 577 1328 634; x_wconf 78' lang='lat' dir='ltr'><strong>Ecclesia</strong></span> <span class='ocrx_word' id='word_1_56' title='bbox 1343 577 1393 634; x_wconf 89' lang='lat' dir='ltr'><strong>Dei</strong></span> <span class='ocrx_word' id='word_1_57' title='bbox 1411 581 1622 652; x_wconf 69' lang='lat' dir='ltr'><strong>amputaretur.</strong></span> <span class='ocrx_word' id='word_1_58' title='bbox 1641 577 1715 634; x_wconf 86' lang='lat' dir='ltr'><strong>Dum</strong></span> <span class='ocrx_word' id='word_1_59' title='bbox 1737 597 1799 636; x_wconf 89' lang='lat' dir='ltr'><strong>vero</strong></span> <span class='ocrx_word' id='word_1_60' title='bbox 1819 601 1877 655; x_wconf 87' lang='lat' dir='ltr'><strong>pre·</strong></span> 
     </span>
     <span class='ocr_line' id='line_1_6' title="bbox 271 661 1877 753; baseline 0.012 -35"><span class='ocrx_word' id='word_1_61' title='bbox 271 661 441 720; x_wconf 87' lang='lat' dir='ltr'><strong>nominatus</strong></span> <span class='ocrx_word' id='word_1_62' title='bbox 456 663 683 740; x_wconf 86' lang='lat' dir='ltr'><strong>Christophorus</strong></span> <span class='ocrx_word' id='word_1_63' title='bbox 698 669 882 744; x_wconf 82' lang='lat' dir='ltr'><strong>primicerius</strong></span> <span class='ocrx_word' id='word_1_64' title='bbox 898 678 927 729; x_wconf 90' lang='lat' dir='ltr'><strong>et</strong></span> <span class='ocrx_word' id='word_1_65' title='bbox 941 673 1061 748; x_wconf 82' lang='lat' dir='ltr'><strong>Sergius</strong></span> <span class='ocrx_word' id='word_1_66' title='bbox 1075 676 1139 747; x_wconf 90' lang='lat' dir='ltr'><strong>ejus</strong></span> <span class='ocrx_word' id='word_1_67' title='bbox 1163 675 1242 733; x_wconf 83' lang='lat' dir='ltr'><strong>itlius</strong></span> <span class='ocrx_word' id='word_1_68' title='bbox 1266 677 1343 750; x_wconf 88' lang='lat' dir='ltr'><strong>apud</strong></span> <span class='ocrx_word' id='word_1_69' title='bbox 1368 676 1522 749; x_wconf 81' lang='lat' dir='ltr'><strong>prelatum</strong></span> <span class='ocrx_word' id='word_1_70' title='bbox 1546 676 1763 734; x_wconf 85' lang='lat' dir='ltr'><strong>demorarentur</strong></span> <span class='ocrx_word' id='word_1_71' title='bbox 1784 696 1877 753; x_wconf 85' lang='lat' dir='ltr'><strong>regem,</strong></span> 
     </span>
     <span class='ocr_line' id='line_1_7' title="bbox 272 760 1879 848; baseline 0.014 -32"><span class='ocrx_word' id='word_1_72' title='bbox 272 760 340 818; x_wconf 83' lang='lat' dir='ltr'><strong>fecit</strong></span> <span class='ocrx_word' id='word_1_73' title='bbox 353 761 510 836; x_wconf 79' lang='lat' dir='ltr'><strong>pradictus</strong></span> <span class='ocrx_word' id='word_1_74' title='bbox 525 765 914 842; x_wconf 82' lang='lat' dir='ltr'><strong>Constantinus,apostolicre</strong></span> <span class='ocrx_word' id='word_1_75' title='bbox 926 773 1003 830; x_wconf 90' lang='lat' dir='ltr'><strong>sedis</strong></span> <span class='ocrx_word' id='word_1_76' title='bbox 1017 773 1143 843; x_wconf 86' lang='lat' dir='ltr'><strong>invasor,</strong></span> <span class='ocrx_word' id='word_1_77' title='bbox 1160 775 1374 834; x_wconf 89' lang='lat' dir='ltr'><strong>ordinationem</strong></span> <span class='ocrx_word' id='word_1_78' title='bbox 1391 776 1626 848; x_wconf 77' lang='lat' dir='ltr'><strong>presbyterorum</strong></span> <span class='ocrx_word' id='word_1_79' title='bbox 1643 775 1879 848; x_wconf 84' lang='lat' dir='ltr'><strong>saudiaconoruru,</strong></span> 
     </span>
     <span class='ocr_line' id='line_1_8' title="bbox 271 860 1881 950; baseline 0.011 -34"><span class='ocrx_word' id='word_1_80' title='bbox 271 860 455 931; x_wconf 79' lang='lat' dir='ltr'><strong>presbyteros</strong></span> <span class='ocrx_word' id='word_1_81' title='bbox 470 868 544 932; x_wconf 87' lang='lat' dir='ltr'><strong>octo,</strong></span> <span class='ocrx_word' id='word_1_82' title='bbox 562 865 701 925; x_wconf 89' lang='lat' dir='ltr'><strong>diaconos</strong></span> <span class='ocrx_word' id='word_1_83' title='bbox 715 873 853 942; x_wconf 86' lang='lat' dir='ltr'><strong>quatuor,</strong></span> <span class='ocrx_word' id='word_1_84' title='bbox 869 871 919 928; x_wconf 90' lang='lat' dir='ltr'><strong>sed</strong></span> <span class='ocrx_word' id='word_1_85' title='bbox 935 876 964 928; x_wconf 88' lang='lat' dir='ltr'><strong>et</strong></span> <span class='ocrx_word' id='word_1_86' title='bbox 978 872 1122 946; x_wconf 89' lang='lat' dir='ltr'><strong>episcopis</strong></span> <span class='ocrx_word' id='word_1_87' title='bbox 1137 873 1167 928; x_wconf 93' lang='lat' dir='ltr'><strong>in</strong></span> <span class='ocrx_word' id='word_1_88' title='bbox 1182 871 1275 945; x_wconf 88' lang='lat' dir='ltr'><strong>ipsius</strong></span> <span class='ocrx_word' id='word_1_89' title='bbox 1291 873 1360 930; x_wconf 92' lang='lat' dir='ltr'><strong>anni</strong></span> <span class='ocrx_word' id='word_1_90' title='bbox 1374 873 1482 930; x_wconf 86' lang='lat' dir='ltr'><strong>circulo</strong></span> <span class='ocrx_word' id='word_1_91' title='bbox 1496 877 1526 930; x_wconf 91' lang='lat' dir='ltr'><strong>et</strong></span> <span class='ocrx_word' id='word_1_92' title='bbox 1540 874 1628 930; x_wconf 91' lang='lat' dir='ltr'><strong>unius</strong></span> <span class='ocrx_word' id='word_1_93' title='bbox 1643 873 1753 931; x_wconf 82' lang='lat' dir='ltr'><strong>mensis</strong></span> <span class='ocrx_word' id='word_1_94' title='bbox 1765 873 1826 932; x_wconf 86' lang='lat' dir='ltr'><strong>lecit</strong></span> <span class='ocrx_word' id='word_1_95' title='bbox 1838 895 1881 950; x_wconf 84' lang='lat' dir='ltr'><strong>per</strong></span> 
     </span>
     <span class='ocr_line' id='line_1_9' title="bbox 272 957 690 1023; baseline 0.026 -11"><span class='ocrx_word' id='word_1_96' title='bbox 272 957 385 1016; x_wconf 88' lang='lat' dir='ltr'><strong>diversa</strong></span> <span class='ocrx_word' id='word_1_97' title='bbox 402 959 465 1018; x_wconf 92' lang='lat' dir='ltr'><strong>loca</strong></span> <span class='ocrx_word' id='word_1_98' title='bbox 478 980 600 1020; x_wconf 90' lang='lat' dir='ltr'><strong>numero</strong></span> <span class='ocrx_word' id='word_1_99' title='bbox 616 970 690 1023; x_wconf 91' lang='lat' dir='ltr'><strong>octo.</strong></span> 
     </span>
    </p>

    <p class='ocr_par' dir='ltr' id='par_1_4' title="bbox 272 1057 1884 1435">
     <span class='ocr_line' id='line_1_10' title="bbox 309 1057 1880 1143; baseline 0.008 -30"><span class='ocrx_word' id='word_1_100' title='bbox 309 1057 382 1114; x_wconf 71' lang='grc'><strong>261</strong></span> <span class='ocrx_word' id='word_1_101' title='bbox 400 1062 437 1128; x_wconf 87' lang='lat' dir='ltr'><strong>(a)</strong></span> <span class='ocrx_word' id='word_1_102' title='bbox 452 1061 624 1120; x_wconf 80' lang='lat' dir='ltr'><strong>Antedietus</strong></span> <span class='ocrx_word' id='word_1_103' title='bbox 638 1081 704 1122; x_wconf 93' lang='lat' dir='ltr'><strong>vero</strong></span> <span class='ocrx_word' id='word_1_104' title='bbox 720 1066 861 1141; x_wconf 78' lang='lat' dir='ltr'><strong>Georgius</strong></span> <span class='ocrx_word' id='word_1_105' title='bbox 876 1069 1095 1136; x_wconf 68' lang='lat' dir='ltr'><strong>prenestinus,</strong></span> <span class='ocrx_word' id='word_1_106' title='bbox 1110 1070 1241 1142; x_wconf 88' lang='lat' dir='ltr'><strong>quicum</strong></span> <span class='ocrx_word' id='word_1_107' title='bbox 1256 1071 1408 1128; x_wconf 87' lang='lat' dir='ltr'><strong>diaconem</strong></span> <span class='ocrx_word' id='word_1_108' title='bbox 1424 1073 1453 1125; x_wconf 86' lang='lat' dir='ltr'><strong>et</strong></span> <span class='ocrx_word' id='word_1_109' title='bbox 1467 1070 1635 1143; x_wconf 84' lang='lat' dir='ltr'><strong>pontificem</strong></span> <span class='ocrx_word' id='word_1_110' title='bbox 1651 1068 1880 1136; x_wconf 73' lang='lat' dir='ltr'><strong>consecr-avitani</strong></span> 
     </span>
     <span class='ocr_line' id='line_1_11' title="bbox 272 1156 1881 1241; baseline 0.007 -31"><span class='ocrx_word' id='word_1_111' title='bbox 272 1160 337 1226; x_wconf 86' lang='lat' dir='ltr'><strong>post</strong></span> <span class='ocrx_word' id='word_1_112' title='bbox 361 1156 470 1215; x_wconf 87' lang='lat' dir='ltr'><strong>multos</strong></span> <span class='ocrx_word' id='word_1_113' title='bbox 495 1158 558 1216; x_wconf 90' lang='lat' dir='ltr'><strong>dies</strong></span> <span class='ocrx_word' id='word_1_114' title='bbox 582 1164 809 1221; x_wconf 87' lang='lat' dir='ltr'><strong>consecrationis</strong></span> <span class='ocrx_word' id='word_1_115' title='bbox 833 1165 927 1238; x_wconf 89' lang='lat' dir='ltr'><strong>ipsius</strong></span> <span class='ocrx_word' id='word_1_116' title='bbox 948 1167 1143 1236; x_wconf 73' lang='lat' dir='ltr'><strong>Constantini,</strong></span> <span class='ocrx_word' id='word_1_117' title='bbox 1157 1167 1255 1224; x_wconf 89' lang='lat' dir='ltr'><strong>valida</strong></span> <span class='ocrx_word' id='word_1_118' title='bbox 1278 1184 1312 1225; x_wconf 87' lang='lat' dir='ltr'><strong>ae</strong></span> <span class='ocrx_word' id='word_1_119' title='bbox 1336 1167 1465 1241; x_wconf 87' lang='lat' dir='ltr'><strong>pessima</strong></span> <span class='ocrx_word' id='word_1_120' title='bbox 1479 1167 1652 1241; x_wconf 77' lang='lat' dir='ltr'><strong>egritudine</strong></span> <span class='ocrx_word' id='word_1_121' title='bbox 1672 1172 1881 1239; x_wconf 86' lang='lat' dir='ltr'><strong>preoccupatus,</strong></span> 
     </span>
     <span class='ocr_line' id='line_1_12' title="bbox 273 1250 1883 1339; baseline 0.008 -32"><span class='ocrx_word' id='word_1_122' title='bbox 273 1250 433 1312; x_wconf 87' lang='lat' dir='ltr'><strong>immobilis</strong></span> <span class='ocrx_word' id='word_1_123' title='bbox 449 1255 542 1314; x_wconf 86' lang='lat' dir='ltr'><strong>lactus</strong></span> <span class='ocrx_word' id='word_1_124' title='bbox 556 1263 609 1328; x_wconf 90' lang='lat' dir='ltr'><strong>est,</strong></span> <span class='ocrx_word' id='word_1_125' title='bbox 627 1265 655 1316; x_wconf 91' lang='lat' dir='ltr'><strong>et</strong></span> <span class='ocrx_word' id='word_1_126' title='bbox 669 1263 856 1334; x_wconf 88' lang='lat' dir='ltr'><strong>postmodnm</strong></span> <span class='ocrx_word' id='word_1_127' title='bbox 871 1263 1029 1322; x_wconf 86' lang='lat' dir='ltr'><strong>missarum</strong></span> <span class='ocrx_word' id='word_1_128' title='bbox 1049 1266 1192 1323; x_wconf 90' lang='lat' dir='ltr'><strong>solemnia</strong></span> <span class='ocrx_word' id='word_1_129' title='bbox 1215 1283 1401 1339; x_wconf 86' lang='lat' dir='ltr'><strong>nequaquam</strong></span> <span class='ocrx_word' id='word_1_130' title='bbox 1423 1264 1588 1322; x_wconf 88' lang='lat' dir='ltr'><strong>celebravit.</strong></span> <span class='ocrx_word' id='word_1_131' title='bbox 1605 1265 1677 1336; x_wconf 79' lang='lat' dir='ltr'><strong>lijus</strong></span> <span class='ocrx_word' id='word_1_132' title='bbox 1701 1262 1777 1320; x_wconf 89' lang='lat' dir='ltr'><strong>enim</strong></span> <span class='ocrx_word' id='word_1_133' title='bbox 1799 1264 1883 1320; x_wconf 83' lang='lat' dir='ltr'><strong>dextra</strong></span> 
     </span>
     <span class='ocr_line' id='line_1_13' title="bbox 274 1353 1884 1435; baseline 0.008 -31"><span class='ocrx_word' id='word_1_134' title='bbox 274 1365 380 1406; x_wconf 88' lang='lat' dir='ltr'><strong>manus</strong></span> <span class='ocrx_word' id='word_1_135' title='bbox 395 1353 473 1409; x_wconf 91' lang='lat' dir='ltr'><strong>aruit</strong></span> <span class='ocrx_word' id='word_1_136' title='bbox 486 1360 574 1427; x_wconf 88' lang='lat' dir='ltr'><strong>atque</strong></span> <span class='ocrx_word' id='word_1_137' title='bbox 587 1362 735 1416; x_wconf 89' lang='lat' dir='ltr'><strong>contracta</strong></span> <span class='ocrx_word' id='word_1_138' title='bbox 749 1361 859 1428; x_wconf 79' lang='lat' dir='ltr'><strong>actoni</strong></span> <span class='ocrx_word' id='word_1_139' title='bbox 876 1362 964 1418; x_wconf 89' lang='lat' dir='ltr'><strong>etiam</strong></span> <span class='ocrx_word' id='word_1_140' title='bbox 980 1379 1033 1419; x_wconf 90' lang='lat' dir='ltr'><strong>nee</strong></span> <span class='ocrx_word' id='word_1_141' title='bbox 1048 1364 1084 1420; x_wconf 91' lang='lat' dir='ltr'><strong>ad</strong></span> <span class='ocrx_word' id='word_1_142' title='bbox 1100 1381 1133 1421; x_wconf 90' lang='lat' dir='ltr'><strong>os</strong></span> <span class='ocrx_word' id='word_1_143' title='bbox 1149 1381 1236 1421; x_wconf 90' lang='lat' dir='ltr'><strong>suum</strong></span> <span class='ocrx_word' id='word_1_144' title='bbox 1252 1365 1354 1420; x_wconf 82' lang='lat' dir='ltr'><strong>efferre</strong></span> <span class='ocrx_word' id='word_1_145' title='bbox 1369 1361 1578 1435; x_wconf 87' lang='lat' dir='ltr'><strong>valuit,sicque</strong></span> <span class='ocrx_word' id='word_1_146' title='bbox 1593 1359 1884 1434; x_wconf 89' lang='lat' dir='ltr'><strong>tremensetlanguens</strong></span> 
     </span>
    </p>

    <p class='ocr_par' dir='ltr' id='par_1_5' title="bbox 236 1447 1883 1534">
     <span class='ocr_line' id='line_1_14' title="bbox 236 1447 1883 1534; baseline 0.007 -30"><span class='ocrx_word' id='word_1_147' title='bbox 236 1447 256 1504; x_wconf 88' lang='grc'>5</span> <span class='ocrx_word' id='word_1_148' title='bbox 272 1447 362 1506; x_wconf 87' lang='lat' dir='ltr'><strong>vitam</strong></span> <span class='ocrx_word' id='word_1_149' title='bbox 379 1449 481 1508; x_wconf 83' lang='lat' dir='ltr'><strong>finivit.</strong></span> <span class='ocrx_word' id='word_1_150' title='bbox 498 1453 573 1510; x_wconf 88' lang='lat' dir='ltr'><strong>Dum</strong></span> <span class='ocrx_word' id='word_1_151' title='bbox 585 1472 651 1512; x_wconf 90' lang='lat' dir='ltr'><strong>vero</strong></span> <span class='ocrx_word' id='word_1_152' title='bbox 667 1456 727 1514; x_wconf 74' lang='lat' dir='ltr'><strong>haec</strong></span> <span class='ocrx_word' id='word_1_153' title='bbox 743 1462 1126 1533; x_wconf 82' lang='lat' dir='ltr'><strong>agerentur,eonjunxerunt</strong></span> <span class='ocrx_word' id='word_1_154' title='bbox 1141 1462 1286 1520; x_wconf 76' lang='lat' dir='ltr'><strong>antefatus</strong></span> <span class='ocrx_word' id='word_1_155' title='bbox 1301 1461 1529 1534; x_wconf 86' lang='lat' dir='ltr'><strong>Christophorus</strong></span> <span class='ocrx_word' id='word_1_156' title='bbox 1544 1465 1572 1516; x_wconf 89' lang='lat' dir='ltr'><strong>et</strong></span> <span class='ocrx_word' id='word_1_157' title='bbox 1587 1458 1744 1532; x_wconf 89' lang='lat' dir='ltr'><strong>Sergiusin</strong></span> <span class='ocrx_word' id='word_1_158' title='bbox 1759 1457 1883 1515; x_wconf 89' lang='lat' dir='ltr'><strong>civitatem</strong></span> 
     </span>
    </p>

    <p class='ocr_par' dir='ltr' id='par_1_6' title="bbox 200 1545 1883 1632">
     <span class='ocr_line' id='line_1_15' title="bbox 200 1545 1883 1632; baseline 0.006 -32"><span class='ocrx_word' id='word_1_159' title='bbox 200 1557 212 1576; x_wconf 89' lang='lat'><strong>·</strong></span> <span class='ocrx_word' id='word_1_160' title='bbox 274 1545 426 1604; x_wconf 80' lang='lat' dir='ltr'><strong>Reatinam</strong></span> <span class='ocrx_word' id='word_1_161' title='bbox 442 1550 568 1606; x_wconf 89' lang='lat' dir='ltr'><strong>absoluti</strong></span> <span class='ocrx_word' id='word_1_162' title='bbox 584 1569 601 1608; x_wconf 92' lang='lat' dir='ltr'><strong>a</strong></span> <span class='ocrx_word' id='word_1_163' title='bbox 617 1555 872 1629; x_wconf 75' lang='lat' dir='ltr'><strong>Langobardorum</strong></span> <span class='ocrx_word' id='word_1_164' title='bbox 889 1573 965 1632; x_wconf 87' lang='lat' dir='ltr'><strong>rege.</strong></span> <span class='ocrx_word' id='word_1_165' title='bbox 983 1559 1017 1613; x_wconf 78' lang='lat' dir='ltr'><strong>st</strong></span> <span class='ocrx_word' id='word_1_166' title='bbox 1030 1558 1227 1630; x_wconf 74' lang='lat' dir='ltr'><strong>precedentes</strong></span> <span class='ocrx_word' id='word_1_167' title='bbox 1243 1557 1362 1632; x_wconf 85' lang='lat' dir='ltr'><strong>Sergius</strong></span> <span class='ocrx_word' id='word_1_168' title='bbox 1386 1561 1415 1614; x_wconf 90' lang='lat' dir='ltr'><strong>et</strong></span> <span class='ocrx_word' id='word_1_169' title='bbox 1436 1556 1639 1630; x_wconf 89' lang='lat' dir='ltr'><strong>Waldipertus</strong></span> <span class='ocrx_word' id='word_1_170' title='bbox 1662 1553 1807 1628; x_wconf 76' lang='lat' dir='ltr'><strong>presbyter</strong></span> <span class='ocrx_word' id='word_1_171' title='bbox 1827 1571 1883 1610; x_wconf 89' lang='lat' dir='ltr'><strong>cum</strong></span> 
     </span>
    </p>

    <p class='ocr_par' dir='ltr' id='par_1_7' title="bbox 275 1642 1884 1730">
     <span class='ocr_line' id='line_1_16' title="bbox 275 1642 1884 1730; baseline 0.004 -31"><span class='ocrx_word' id='word_1_172' title='bbox 275 1642 405 1702; x_wconf 84' lang='lat' dir='ltr'><strong>Reatinis</strong></span> <span class='ocrx_word' id='word_1_173' title='bbox 420 1653 447 1702; x_wconf 91' lang='lat' dir='ltr'><strong>ot</strong></span> <span class='ocrx_word' id='word_1_174' title='bbox 462 1649 632 1706; x_wconf 84' lang='lat' dir='ltr'><strong>Forconinis</strong></span> <span class='ocrx_word' id='word_1_175' title='bbox 648 1658 735 1726; x_wconf 92' lang='lat' dir='ltr'><strong>atque</strong></span> <span class='ocrx_word' id='word_1_176' title='bbox 747 1653 813 1712; x_wconf 87' lang='lat' dir='ltr'><strong>aliis</strong></span> <span class='ocrx_word' id='word_1_177' title='bbox 830 1656 1030 1730; x_wconf 88' lang='lat' dir='ltr'><strong>Longoberdis</strong></span> <span class='ocrx_word' id='word_1_178' title='bbox 1046 1657 1170 1712; x_wconf 90' lang='lat' dir='ltr'><strong>ducatus</strong></span> <span class='ocrx_word' id='word_1_179' title='bbox 1184 1654 1336 1730; x_wconf 83' lang='lat' dir='ltr'><strong>Spoletini,</strong></span> <span class='ocrx_word' id='word_1_180' title='bbox 1352 1656 1568 1727; x_wconf 86' lang='lat' dir='ltr'><strong>conjunxerunt</strong></span> <span class='ocrx_word' id='word_1_181' title='bbox 1582 1652 1692 1721; x_wconf 89' lang='lat' dir='ltr'><strong>subito,</strong></span> <span class='ocrx_word' id='word_1_182' title='bbox 1702 1668 1734 1707; x_wconf 91' lang='lat' dir='ltr'><strong>ao</strong></span> <span class='ocrx_word' id='word_1_183' title='bbox 1749 1651 1884 1724; x_wconf 85' lang='lat' dir='ltr'><strong>repenteia</strong></span> 
     </span>
    </p>

    <p class='ocr_par' dir='ltr' id='par_1_8' title="bbox 274 1740 1885 1924">
     <span class='ocr_line' id='line_1_17' title="bbox 275 1740 1885 1825; baseline 0.005 -29"><span class='ocrx_word' id='word_1_184' title='bbox 275 1740 350 1800; x_wconf 87' lang='lat' dir='ltr'><strong>bane</strong></span> <span class='ocrx_word' id='word_1_185' title='bbox 364 1743 527 1804; x_wconf 87' lang='lat' dir='ltr'><strong>Romanam</strong></span> <span class='ocrx_word' id='word_1_186' title='bbox 542 1748 645 1804; x_wconf 87' lang='lat' dir='ltr'><strong>urbem</strong></span> <span class='ocrx_word' id='word_1_187' title='bbox 659 1750 798 1808; x_wconf 88' lang='lat' dir='ltr'><strong>vicesima</strong></span> <span class='ocrx_word' id='word_1_188' title='bbox 812 1757 913 1810; x_wconf 87' lang='lat' dir='ltr'><strong>octava</strong></span> <span class='ocrx_word' id='word_1_189' title='bbox 927 1754 974 1811; x_wconf 90' lang='lat' dir='ltr'><strong>die</strong></span> <span class='ocrx_word' id='word_1_190' title='bbox 997 1753 1068 1810; x_wconf 86' lang='lat' dir='ltr'><strong>Julii</strong></span> <span class='ocrx_word' id='word_1_191' title='bbox 1089 1753 1210 1824; x_wconf 88' lang='lat' dir='ltr'><strong>mensis,</strong></span> <span class='ocrx_word' id='word_1_192' title='bbox 1226 1753 1328 1810; x_wconf 64' lang='lat' dir='ltr'><strong>indict,</strong></span> <span class='ocrx_word' id='word_1_193' title='bbox 1345 1757 1436 1822; x_wconf 83' lang='lat' dir='ltr'><strong>sexta,</strong></span> <span class='ocrx_word' id='word_1_194' title='bbox 1452 1769 1570 1825; x_wconf 91' lang='lat' dir='ltr'><strong>vespere</strong></span> <span class='ocrx_word' id='word_1_195' title='bbox 1594 1751 1625 1808; x_wconf 90' lang='lat' dir='ltr'><strong>in</strong></span> <span class='ocrx_word' id='word_1_196' title='bbox 1649 1748 1713 1824; x_wconf 90' lang='lat' dir='ltr'><strong>ipso</strong></span> <span class='ocrx_word' id='word_1_197' title='bbox 1736 1746 1885 1822; x_wconf 84' lang='lat' dir='ltr'><strong>crepusculo</strong></span> 
     </span>
     <span class='ocr_line' id='line_1_18' title="bbox 274 1839 1640 1924; baseline 0.007 -30"><span class='ocrx_word' id='word_1_198' title='bbox 274 1839 379 1908; x_wconf 86' lang='lat' dir='ltr'><strong>noctis,</strong></span> <span class='ocrx_word' id='word_1_199' title='bbox 396 1841 494 1916; x_wconf 87' lang='lat' dir='ltr'><strong>vigilia</strong></span> <span class='ocrx_word' id='word_1_200' title='bbox 509 1844 661 1902; x_wconf 89' lang='lat' dir='ltr'><strong>beatorum</strong></span> <span class='ocrx_word' id='word_1_201' title='bbox 676 1854 838 1922; x_wconf 79' lang='lat' dir='ltr'><strong>martyrum</strong></span> <span class='ocrx_word' id='word_1_202' title='bbox 854 1851 953 1908; x_wconf 80' lang='lat' dir='ltr'><strong>Ab‘don</strong></span> <span class='ocrx_word' id='word_1_203' title='bbox 970 1855 999 1908; x_wconf 90' lang='lat' dir='ltr'><strong>et</strong></span> <span class='ocrx_word' id='word_1_204' title='bbox 1013 1851 1140 1919; x_wconf 85' lang='lat' dir='ltr'><strong>Sennen,</strong></span> <span class='ocrx_word' id='word_1_205' title='bbox 1155 1855 1333 1924; x_wconf 86' lang='lat' dir='ltr'><strong>occupantes</strong></span> <span class='ocrx_word' id='word_1_206' title='bbox 1348 1854 1467 1924; x_wconf 91' lang='lat' dir='ltr'><strong>pontem</strong></span> <span class='ocrx_word' id='word_1_207' title='bbox 1482 1848 1640 1907; x_wconf 88' lang='lat' dir='ltr'><strong>Salarium.</strong></span> 
     </span>
    </p>

    <p class='ocr_par' dir='ltr' id='par_1_9' title="bbox 275 1937 1888 2318">
     <span class='ocr_line' id='line_1_19' title="bbox 311 1937 1885 2024; baseline 0.003 -30"><span class='ocrx_word' id='word_1_208' title='bbox 311 1937 387 1996; x_wconf 72' lang='lat'><strong>2⁰8</strong></span> <span class='ocrx_word' id='word_1_209' title='bbox 402 1939 467 1995; x_wconf 83' lang='lat' dir='ltr'><strong>Alia</strong></span> <span class='ocrx_word' id='word_1_210' title='bbox 480 1957 548 1998; x_wconf 91' lang='lat' dir='ltr'><strong>vcro</strong></span> <span class='ocrx_word' id='word_1_211' title='bbox 564 1942 610 2000; x_wconf 91' lang='lat' dir='ltr'><strong>die</strong></span> <span class='ocrx_word' id='word_1_212' title='bbox 623 1946 799 2006; x_wconf 84' lang='lat' dir='ltr'><strong>transientes</strong></span> <span class='ocrx_word' id='word_1_213' title='bbox 811 1965 863 2022; x_wconf 88' lang='lat' dir='ltr'><strong>per</strong></span> <span class='ocrx_word' id='word_1_214' title='bbox 877 1953 995 2022; x_wconf 88' lang='lat' dir='ltr'><strong>pontem</strong></span> <span class='ocrx_word' id='word_1_215' title='bbox 1015 1948 1148 2006; x_wconf 88' lang='lat' dir='ltr'><strong>Milvium</strong></span> <span class='ocrx_word' id='word_1_216' title='bbox 1172 1954 1315 2008; x_wconf 88' lang='lat' dir='ltr'><strong>venerunt</strong></span> <span class='ocrx_word' id='word_1_217' title='bbox 1337 1951 1373 2008; x_wconf 90' lang='lat' dir='ltr'><strong>ad</strong></span> <span class='ocrx_word' id='word_1_218' title='bbox 1398 1953 1512 2024; x_wconf 89' lang='lat' dir='ltr'><strong>portam</strong></span> <span class='ocrx_word' id='word_1_219' title='bbox 1537 1948 1614 2006; x_wconf 89' lang='lat' dir='ltr'><strong>beati</strong></span> <span class='ocrx_word' id='word_1_220' title='bbox 1640 1947 1729 2017; x_wconf 89' lang='lat' dir='ltr'><strong>Petri,</strong></span> <span class='ocrx_word' id='word_1_221' title='bbox 1749 1950 1778 2002; x_wconf 92' lang='lat' dir='ltr'><strong>et</strong></span> <span class='ocrx_word' id='word_1_222' title='bbox 1798 1945 1885 2002; x_wconf 88' lang='lat' dir='ltr'><strong>deindo</strong></span> 
     </span>
     <span class='ocr_line' id='line_1_20' title="bbox 275 2039 1885 2122; baseline 0.004 -30"><span class='ocrx_word' id='word_1_223' title='bbox 275 2040 428 2109; x_wconf 79' lang='lat' dir='ltr'><strong>pergentes</strong></span> <span class='ocrx_word' id='word_1_224' title='bbox 443 2039 750 2114; x_wconf 87' lang='lat' dir='ltr'><strong>appropinquaverunt</strong></span> <span class='ocrx_word' id='word_1_225' title='bbox 763 2047 800 2105; x_wconf 89' lang='lat' dir='ltr'><strong>ad</strong></span> <span class='ocrx_word' id='word_1_226' title='bbox 816 2051 931 2120; x_wconf 88' lang='lat' dir='ltr'><strong>portam</strong></span> <span class='ocrx_word' id='word_1_227' title='bbox 946 2048 1022 2105; x_wconf 89' lang='lat' dir='ltr'><strong>beati</strong></span> <span class='ocrx_word' id='word_1_228' title='bbox 1037 2047 1322 2116; x_wconf 88' lang='lat' dir='ltr'><strong>Pancratii.0uidam</strong></span> <span class='ocrx_word' id='word_1_229' title='bbox 1335 2046 1634 2122; x_wconf 85' lang='lat' dir='ltr'><strong>veropropinquijam</strong></span> <span class='ocrx_word' id='word_1_230' title='bbox 1649 2041 1885 2114; x_wconf 84' lang='lat' dir='ltr'><strong>iatiGhristuphori</strong></span> 
     </span>
     <span class='ocr_line' id='line_1_21' title="bbox 275 2133 1885 2220; baseline 0.002 -30"><span class='ocrx_word' id='word_1_231' title='bbox 275 2148 309 2190; x_wconf 86' lang='lat' dir='ltr'><strong>ao</strong></span> <span class='ocrx_word' id='word_1_232' title='bbox 324 2133 418 2208; x_wconf 80' lang='lat' dir='ltr'><strong>Sergii</strong></span> <span class='ocrx_word' id='word_1_233' title='bbox 433 2135 528 2209; x_wconf 87' lang='lat' dir='ltr'><strong>ipsam</strong></span> <span class='ocrx_word' id='word_1_234' title='bbox 544 2143 659 2212; x_wconf 86' lang='lat' dir='ltr'><strong>portam</strong></span> <span class='ocrx_word' id='word_1_235' title='bbox 674 2143 862 2202; x_wconf 85' lang='lat' dir='ltr'><strong>observantes</strong></span> <span class='ocrx_word' id='word_1_236' title='bbox 876 2161 910 2202; x_wconf 92' lang='lat' dir='ltr'><strong>ac</strong></span> <span class='ocrx_word' id='word_1_237' title='bbox 924 2145 1398 2220; x_wconf 86' lang='lat' dir='ltr'><strong>custodientes,cernsntesipsum</strong></span> <span class='ocrx_word' id='word_1_238' title='bbox 1413 2145 1548 2219; x_wconf 88' lang='lat' dir='ltr'><strong>Sergium</strong></span> <span class='ocrx_word' id='word_1_239' title='bbox 1576 2144 1613 2200; x_wconf 91' lang='lat' dir='ltr'><strong>ad</strong></span> <span class='ocrx_word' id='word_1_240' title='bbox 1642 2143 1772 2200; x_wconf 88' lang='lat' dir='ltr'><strong>eamdem</strong></span> <span class='ocrx_word' id='word_1_241' title='bbox 1791 2144 1885 2213; x_wconf 90' lang='lat' dir='ltr'><strong>portam</strong></span> 
     </span>
     <span class='ocr_line' id='line_1_22' title="bbox 276 2231 1888 2318; baseline 0.009 -33"><span class='ocrx_word' id='word_1_242' title='bbox 276 2231 539 2306; x_wconf 86' lang='lat' dir='ltr'><strong>appropinquasse,</strong></span> <span class='ocrx_word' id='word_1_243' title='bbox 556 2243 725 2296; x_wconf 88' lang='lat' dir='ltr'><strong>annuerunt</strong></span> <span class='ocrx_word' id='word_1_244' title='bbox 738 2241 764 2298; x_wconf 88' lang='lat' dir='ltr'><strong>ei</strong></span> <span class='ocrx_word' id='word_1_245' title='bbox 779 2245 808 2298; x_wconf 90' lang='lat' dir='ltr'><strong>et</strong></span> <span class='ocrx_word' id='word_1_246' title='bbox 823 2242 956 2315; x_wconf 85' lang='lat' dir='ltr'><strong>protinus</strong></span> <span class='ocrx_word' id='word_1_247' title='bbox 970 2242 1067 2316; x_wconf 90' lang='lat' dir='ltr'><strong>ipsam</strong></span> <span class='ocrx_word' id='word_1_248' title='bbox 1082 2248 1260 2317; x_wconf 88' lang='lat' dir='ltr'><strong>aparuerunt</strong></span> <span class='ocrx_word' id='word_1_249' title='bbox 1276 2247 1401 2318; x_wconf 88' lang='lat' dir='ltr'><strong>portem.</strong></span> <span class='ocrx_word' id='word_1_250' title='bbox 1418 2243 1524 2316; x_wconf 81' lang='lat' dir='ltr'><strong>Sisque</strong></span> <span class='ocrx_word' id='word_1_251' title='bbox 1534 2243 1598 2315; x_wconf 88' lang='lat' dir='ltr'><strong>jam</strong></span> <span class='ocrx_word' id='word_1_252' title='bbox 1625 2242 1721 2298; x_wconf 91' lang='lat' dir='ltr'><strong>dictus</strong></span> <span class='ocrx_word' id='word_1_253' title='bbox 1743 2237 1849 2310; x_wconf 71' lang='lat' dir='ltr'><strong>Sergius</strong></span> <span class='ocrx_word' id='word_1_254' title='bbox 1866 2241 1888 2292; x_wconf 78' lang='lat' dir='ltr'><strong>et</strong></span> 
     </span>
    </p>

    <p class='ocr_par' dir='ltr' id='par_1_10' title="bbox 240 2326 1889 2624">
     <span class='ocr_line' id='line_1_23' title="bbox 240 2326 1888 2415; baseline 0.005 -33"><span class='ocrx_word' id='word_1_255' title='bbox 240 2326 258 2382; x_wconf 84' lang='lat'>5</span> <span class='ocrx_word' id='word_1_256' title='bbox 276 2326 474 2402; x_wconf 83' lang='lat' dir='ltr'><strong>waldipertus</strong></span> <span class='ocrx_word' id='word_1_257' title='bbox 488 2349 556 2389; x_wconf 88' lang='lat' dir='ltr'><strong>eum</strong></span> <span class='ocrx_word' id='word_1_258' title='bbox 573 2335 772 2409; x_wconf 84' lang='lat' dir='ltr'><strong>Langobardis</strong></span> <span class='ocrx_word' id='word_1_259' title='bbox 788 2339 950 2396; x_wconf 80' lang='lat' dir='ltr'><strong>itomanam</strong></span> <span class='ocrx_word' id='word_1_260' title='bbox 964 2341 1067 2397; x_wconf 87' lang='lat' dir='ltr'><strong>urbem</strong></span> <span class='ocrx_word' id='word_1_261' title='bbox 1082 2339 1207 2415; x_wconf 89' lang='lat' dir='ltr'><strong>ingressi</strong></span> <span class='ocrx_word' id='word_1_262' title='bbox 1223 2345 1303 2411; x_wconf 91' lang='lat' dir='ltr'><strong>sunt,</strong></span> <span class='ocrx_word' id='word_1_263' title='bbox 1314 2345 1343 2398; x_wconf 87' lang='lat' dir='ltr'><strong>et</strong></span> <span class='ocrx_word' id='word_1_264' title='bbox 1356 2358 1408 2415; x_wconf 91' lang='lat' dir='ltr'><strong>per</strong></span> <span class='ocrx_word' id='word_1_265' title='bbox 1422 2357 1523 2398; x_wconf 91' lang='lat' dir='ltr'><strong>muros</strong></span> <span class='ocrx_word' id='word_1_266' title='bbox 1538 2339 1666 2396; x_wconf 87' lang='lat' dir='ltr'><strong>civitatis</strong></span> <span class='ocrx_word' id='word_1_267' title='bbox 1681 2353 1745 2394; x_wconf 88' lang='lat' dir='ltr'><strong>curn</strong></span> <span class='ocrx_word' id='word_1_268' title='bbox 1759 2333 1888 2392; x_wconf 83' lang='lat' dir='ltr'><strong>flammola</strong></span> 
     </span>
     <span class='ocr_line' id='line_1_24' title="bbox 276 2425 1888 2514; baseline 0.003 -33"><span class='ocrx_word' id='word_1_269' title='bbox 276 2425 483 2498; x_wconf 78' lang='lat' dir='ltr'><strong>ascendebant,</strong></span> <span class='ocrx_word' id='word_1_270' title='bbox 499 2436 663 2491; x_wconf 87' lang='lat' dir='ltr'><strong>metuentes</strong></span> <span class='ocrx_word' id='word_1_271' title='bbox 678 2435 842 2493; x_wconf 80' lang='lat' dir='ltr'><strong>Romanum</strong></span> <span class='ocrx_word' id='word_1_272' title='bbox 859 2437 1012 2513; x_wconf 90' lang='lat' dir='ltr'><strong>populum,</strong></span> <span class='ocrx_word' id='word_1_273' title='bbox 1028 2442 1056 2494; x_wconf 91' lang='lat' dir='ltr'><strong>et</strong></span> <span class='ocrx_word' id='word_1_274' title='bbox 1071 2455 1257 2512; x_wconf 86' lang='lat' dir='ltr'><strong>nequaquam</strong></span> <span class='ocrx_word' id='word_1_275' title='bbox 1274 2439 1309 2496; x_wconf 90' lang='lat' dir='ltr'><strong>de</strong></span> <span class='ocrx_word' id='word_1_276' title='bbox 1323 2439 1466 2514; x_wconf 87' lang='lat' dir='ltr'><strong>genuculo</strong></span> <span class='ocrx_word' id='word_1_277' title='bbox 1482 2437 1538 2512; x_wconf 92' lang='lat' dir='ltr'><strong>ipsi</strong></span> <span class='ocrx_word' id='word_1_278' title='bbox 1555 2433 1741 2512; x_wconf 77' lang='lat' dir='ltr'><strong>Langobardi</strong></span> <span class='ocrx_word' id='word_1_279' title='bbox 1760 2433 1818 2490; x_wconf 86' lang='lat' dir='ltr'><strong>ausi</strong></span> <span class='ocrx_word' id='word_1_280' title='bbox 1832 2435 1888 2488; x_wconf 89' lang='lat' dir='ltr'><strong>sunt</strong></span> 
     </span>
     <span class='ocr_line' id='line_1_25' title="bbox 278 2525 1889 2624; baseline 0.012 -43"><span class='ocrx_word' id='word_1_281' title='bbox 278 2525 464 2601; x_wconf 89' lang='lat' dir='ltr'><strong>descendere,</strong></span> <span class='ocrx_word' id='word_1_282' title='bbox 480 2530 529 2586; x_wconf 89' lang='lat' dir='ltr'><strong>sed</strong></span> <span class='ocrx_word' id='word_1_283' title='bbox 547 2547 613 2587; x_wconf 92' lang='lat' dir='ltr'><strong>eum</strong></span> <span class='ocrx_word' id='word_1_284' title='bbox 630 2533 722 2590; x_wconf 89' lang='lat' dir='ltr'><strong>nimio</strong></span> <span class='ocrx_word' id='word_1_285' title='bbox 737 2539 863 2592; x_wconf 91' lang='lat' dir='ltr'><strong>tremore</strong></span> <span class='ocrx_word' id='word_1_286' title='bbox 877 2535 987 2592; x_wconf 88' lang='lat' dir='ltr'><strong>ibidem</strong></span> <span class='ocrx_word' id='word_1_287' title='bbox 1000 2535 1185 2594; x_wconf 87' lang='lat' dir='ltr'><strong>assistebant.</strong></span> <span class='ocrx_word' id='word_1_288' title='bbox 1884 2614 1889 2624; x_wconf 18' lang='grc' dir='ltr'><strong><em>ἢ</em></strong></span> 
     </span>
    </p>

    <p class='ocr_par' dir='ltr' id='par_1_11' title="bbox 276 2625 1889 2906">
     <span class='ocr_line' id='line_1_26' title="bbox 313 2625 1889 2710; baseline 0.001 -29"><span class='ocrx_word' id='word_1_289' title='bbox 313 2625 389 2682; x_wconf 73' lang='lat'><strong>20⁰</strong></span> <span class='ocrx_word' id='word_1_290' title='bbox 406 2625 465 2682; x_wconf 89' lang='lat' dir='ltr'><strong>Hoc</strong></span> <span class='ocrx_word' id='word_1_291' title='bbox 480 2644 546 2686; x_wconf 92' lang='lat' dir='ltr'><strong>vero</strong></span> <span class='ocrx_word' id='word_1_292' title='bbox 562 2630 684 2688; x_wconf 86' lang='lat' dir='ltr'><strong>audiens</strong></span> <span class='ocrx_word' id='word_1_293' title='bbox 700 2633 772 2690; x_wconf 84' lang='lat' dir='ltr'><strong>Tota</strong></span> <span class='ocrx_word' id='word_1_294' title='bbox 787 2637 816 2689; x_wconf 91' lang='lat' dir='ltr'><strong>et</strong></span> <span class='ocrx_word' id='word_1_295' title='bbox 828 2633 964 2691; x_wconf 89' lang='lat' dir='ltr'><strong>Passivus</strong></span> <span class='ocrx_word' id='word_1_296' title='bbox 979 2635 1110 2708; x_wconf 87' lang='lat' dir='ltr'><strong>germani</strong></span> <span class='ocrx_word' id='word_1_297' title='bbox 1124 2635 1241 2706; x_wconf 82' lang='lat' dir='ltr'><strong>fratres,</strong></span> <span class='ocrx_word' id='word_1_298' title='bbox 1257 2634 1426 2710; x_wconf 83' lang='lat' dir='ltr'><strong>ignorantes</strong></span> <span class='ocrx_word' id='word_1_299' title='bbox 1440 2633 1593 2710; x_wconf 84' lang='lat' dir='ltr'><strong>ingenium</strong></span> <span class='ocrx_word' id='word_1_300' title='bbox 1613 2636 1644 2690; x_wconf 92' lang='lat' dir='ltr'><strong>et</strong></span> <span class='ocrx_word' id='word_1_301' title='bbox 1667 2631 1765 2690; x_wconf 92' lang='lat' dir='ltr'><strong>dolum</strong></span> <span class='ocrx_word' id='word_1_302' title='bbox 1787 2629 1854 2704; x_wconf 91' lang='lat' dir='ltr'><strong>quod</strong></span> <span class='ocrx_word' id='word_1_303' title='bbox 1868 2631 1889 2683; x_wconf 87' lang='lat' dir='ltr'><strong>e¹</strong></span> 
     </span>
     <span class='ocr_line' id='line_1_27' title="bbox 276 2723 1888 2808; baseline 0.001 -29"><span class='ocrx_word' id='word_1_304' title='bbox 276 2723 440 2795; x_wconf 89' lang='lat' dir='ltr'><strong>proditores</strong></span> <span class='ocrx_word' id='word_1_305' title='bbox 455 2725 594 2796; x_wconf 87' lang='lat' dir='ltr'><strong>inierunt,</strong></span> <span class='ocrx_word' id='word_1_306' title='bbox 610 2734 822 2790; x_wconf 85' lang='lat' dir='ltr'><strong>concurrerunt</strong></span> <span class='ocrx_word' id='word_1_307' title='bbox 837 2749 904 2788; x_wconf 91' lang='lat' dir='ltr'><strong>eum</strong></span> <span class='ocrx_word' id='word_1_308' title='bbox 921 2733 1081 2807; x_wconf 88' lang='lat' dir='ltr'><strong>aliquantis</strong></span> <span class='ocrx_word' id='word_1_309' title='bbox 1104 2734 1139 2790; x_wconf 92' lang='lat' dir='ltr'><strong>ad</strong></span> <span class='ocrx_word' id='word_1_310' title='bbox 1154 2733 1324 2806; x_wconf 82' lang='lat' dir='ltr'><strong>predictam</strong></span> <span class='ocrx_word' id='word_1_311' title='bbox 1340 2738 1466 2808; x_wconf 88' lang='lat' dir='ltr'><strong>portam,</strong></span> <span class='ocrx_word' id='word_1_312' title='bbox 1482 2749 1550 2790; x_wconf 91' lang='lat' dir='ltr'><strong>cum</strong></span> <span class='ocrx_word' id='word_1_313' title='bbox 1567 2731 1678 2805; x_wconf 88' lang='lat' dir='ltr'><strong>quibus</strong></span> <span class='ocrx_word' id='word_1_314' title='bbox 1698 2732 1726 2787; x_wconf 89' lang='lat' dir='ltr'><strong>et</strong></span> <span class='ocrx_word' id='word_1_315' title='bbox 1751 2727 1888 2786; x_wconf 87' lang='lat' dir='ltr'><strong>Demetrius</strong></span> 
     </span>
     <span class='ocr_line' id='line_1_28' title="bbox 276 2821 1887 2906; baseline 0 -28"><span class='ocrx_word' id='word_1_316' title='bbox 276 2821 496 2882; x_wconf 88' lang='lat' dir='ltr'><strong>secundicerius</strong></span> <span class='ocrx_word' id='word_1_317' title='bbox 510 2843 562 2882; x_wconf 92' lang='lat' dir='ltr'><strong>seu</strong></span> <span class='ocrx_word' id='word_1_318' title='bbox 575 2826 728 2886; x_wconf 82' lang='lat' dir='ltr'><strong>Graticsus</strong></span> <span class='ocrx_word' id='word_1_319' title='bbox 739 2833 810 2887; x_wconf 87' lang='lat' dir='ltr'><strong>tune</strong></span> <span class='ocrx_word' id='word_1_320' title='bbox 825 2830 1226 2904; x_wconf 88' lang='lat' dir='ltr'><strong>chartularius,postmodum</strong></span> <span class='ocrx_word' id='word_1_321' title='bbox 1242 2830 1615 2906; x_wconf 83' lang='lat' dir='ltr'><strong>dux,propereverunt,qui</strong></span> <span class='ocrx_word' id='word_1_322' title='bbox 1631 2834 1661 2886; x_wconf 90' lang='lat' dir='ltr'><strong>ct</strong></span> <span class='ocrx_word' id='word_1_323' title='bbox 1675 2827 1731 2902; x_wconf 91' lang='lat' dir='ltr'><strong>ipsi</strong></span> <span class='ocrx_word' id='word_1_324' title='bbox 1744 2827 1773 2883; x_wconf 93' lang='lat' dir='ltr'><strong>in</strong></span> <span class='ocrx_word' id='word_1_325' title='bbox 1785 2823 1887 2882; x_wconf 86' lang='lat' dir='ltr'><strong>consilio</strong></span> 
     </span>
    </p>

    <p class='ocr_par' dir='ltr' id='par_1_12' title="bbox 181 2921 1888 3005">
     <span class='ocr_line' id='line_1_29' title="bbox 181 2921 1888 3005; baseline 0.001 -31"><span class='ocrx_word' id='word_1_326' title='bbox 181 2986 188 2994; x_wconf 24' lang='grc' dir='ltr'>ι</span> <span class='ocrx_word' id='word_1_327' title='bbox 277 2923 360 2978; x_wconf 90' lang='lat' dir='ltr'><strong>erant</strong></span> <span class='ocrx_word' id='word_1_328' title='bbox 373 2938 441 2978; x_wconf 89' lang='lat' dir='ltr'><strong>eum</strong></span> <span class='ocrx_word' id='word_1_329' title='bbox 456 2923 585 2997; x_wconf 78' lang='lat' dir='ltr'><strong>prelatis</strong></span> <span class='ocrx_word' id='word_1_330' title='bbox 600 2926 820 2984; x_wconf 79' lang='lat' dir='ltr'><strong>nefandissimis</strong></span> <span class='ocrx_word' id='word_1_331' title='bbox 835 2928 1083 3002; x_wconf 80' lang='lat' dir='ltr'><strong>proditoribusllt</strong></span> <span class='ocrx_word' id='word_1_332' title='bbox 1097 2929 1370 3005; x_wconf 85' lang='lat' dir='ltr'><strong>appropinquantes</strong></span> <span class='ocrx_word' id='word_1_333' title='bbox 1385 2931 1421 2986; x_wconf 88' lang='lat' dir='ltr'><strong>ad</strong></span> <span class='ocrx_word' id='word_1_334' title='bbox 1436 2929 1555 2988; x_wconf 88' lang='lat' dir='ltr'><strong>eosdem</strong></span> <span class='ocrx_word' id='word_1_335' title='bbox 1566 2921 1888 3002; x_wconf 86' lang='lat' dir='ltr'><strong>Langobardos,obviavit</strong></span> 
     </span>
    </p>

    <p class='ocr_par' dir='ltr' id='par_1_13' title="bbox 242 3016 1888 3493">
     <span class='ocr_line' id='line_1_30' title="bbox 242 3016 1888 3103; baseline 0.004 -30"><span class='ocrx_word' id='word_1_336' title='bbox 242 3016 260 3072; x_wconf 83' lang='lat'><strong>5</strong></span> <span class='ocrx_word' id='word_1_337' title='bbox 278 3017 383 3074; x_wconf 84' lang='lat' dir='ltr'><strong>&#39;Potoni</strong></span> <span class='ocrx_word' id='word_1_338' title='bbox 399 3020 465 3078; x_wconf 90' lang='lat' dir='ltr'><strong>duci</strong></span> <span class='ocrx_word' id='word_1_339' title='bbox 481 3038 516 3078; x_wconf 83' lang='lat' dir='ltr'><strong>ex</strong></span> <span class='ocrx_word' id='word_1_340' title='bbox 531 3022 641 3080; x_wconf 89' lang='lat' dir='ltr'><strong>eisdem</strong></span> <span class='ocrx_word' id='word_1_341' title='bbox 658 3025 868 3100; x_wconf 84' lang='lat' dir='ltr'><strong>Langobardia,</strong></span> <span class='ocrx_word' id='word_1_342' title='bbox 890 3027 940 3100; x_wconf 89' lang='lat' dir='ltr'><strong>qui</strong></span> <span class='ocrx_word' id='word_1_343' title='bbox 965 3027 1089 3086; x_wconf 89' lang='lat' dir='ltr'><strong>bellator</strong></span> <span class='ocrx_word' id='word_1_344' title='bbox 1109 3046 1167 3103; x_wconf 78' lang='lat' dir='ltr'><strong>prae</strong></span> <span class='ocrx_word' id='word_1_345' title='bbox 1190 3027 1328 3085; x_wconf 90' lang='lat' dir='ltr'><strong>omnibus</strong></span> <span class='ocrx_word' id='word_1_346' title='bbox 1351 3027 1520 3102; x_wconf 87' lang='lat' dir='ltr'><strong>apparebat,</strong></span> <span class='ocrx_word' id='word_1_347' title='bbox 1537 3025 1712 3098; x_wconf 83' lang='lat' dir='ltr'><strong>Recipertus</strong></span> <span class='ocrx_word' id='word_1_348' title='bbox 1731 3021 1888 3096; x_wconf 74' lang='lat' dir='ltr'><strong>nominati</strong></span> 
     </span>
     <span class='ocr_line' id='line_1_31' title="bbox 278 3113 1886 3200; baseline 0.006 -30"><span class='ocrx_word' id='word_1_349' title='bbox 278 3113 422 3188; x_wconf 89' lang='lat' dir='ltr'><strong>impetum</strong></span> <span class='ocrx_word' id='word_1_350' title='bbox 437 3119 506 3177; x_wconf 83' lang='lat' dir='ltr'><strong>lecit</strong></span> <span class='ocrx_word' id='word_1_351' title='bbox 519 3137 609 3194; x_wconf 85' lang='lat' dir='ltr'><strong>super</strong></span> <span class='ocrx_word' id='word_1_352' title='bbox 622 3123 759 3181; x_wconf 85' lang='lat' dir='ltr'><strong>eumdem</strong></span> <span class='ocrx_word' id='word_1_353' title='bbox 776 3126 928 3192; x_wconf 84' lang='lat' dir='ltr'><strong>Potonam,</strong></span> <span class='ocrx_word' id='word_1_354' title='bbox 944 3143 1033 3198; x_wconf 88' lang='lat' dir='ltr'><strong>super</strong></span> <span class='ocrx_word' id='word_1_355' title='bbox 1046 3141 1134 3200; x_wconf 89' lang='lat' dir='ltr'><strong>quem</strong></span> <span class='ocrx_word' id='word_1_356' title='bbox 1150 3127 1243 3184; x_wconf 91' lang='lat' dir='ltr'><strong>isdem</strong></span> <span class='ocrx_word' id='word_1_357' title='bbox 1258 3127 1331 3183; x_wconf 88' lang='lat' dir='ltr'><strong>&#39;Poto</strong></span> <span class='ocrx_word' id='word_1_358' title='bbox 1347 3126 1473 3192; x_wconf 86' lang='lat' dir='ltr'><strong>irruens,</strong></span> <span class='ocrx_word' id='word_1_359' title='bbox 1491 3129 1578 3197; x_wconf 87' lang='lat' dir='ltr'><strong>atque</strong></span> <span class='ocrx_word' id='word_1_360' title='bbox 1593 3123 1708 3180; x_wconf 86' lang='lat' dir='ltr'><strong>lortiter</strong></span> <span class='ocrx_word' id='word_1_361' title='bbox 1733 3118 1886 3194; x_wconf 74' lang='lat' dir='ltr'><strong>percutiens,</strong></span> 
     </span>
     <span class='ocr_line' id='line_1_32' title="bbox 279 3213 1886 3299; baseline -0.002 -28"><span class='ocrx_word' id='word_1_362' title='bbox 279 3231 347 3272; x_wconf 89' lang='lat' dir='ltr'><strong>eum</strong></span> <span class='ocrx_word' id='word_1_363' title='bbox 363 3215 517 3275; x_wconf 83' lang='lat' dir='ltr'><strong>interiecit.</strong></span> <span class='ocrx_word' id='word_1_364' title='bbox 533 3219 615 3286; x_wconf 86' lang='lat' dir='ltr'><strong>Quod</strong></span> <span class='ocrx_word' id='word_1_365' title='bbox 626 3220 801 3294; x_wconf 78' lang='lat' dir='ltr'><strong>aspicientes</strong></span> <span class='ocrx_word' id='word_1_366' title='bbox 816 3223 1010 3296; x_wconf 86' lang='lat' dir='ltr'><strong>Langobardi,</strong></span> <span class='ocrx_word' id='word_1_367' title='bbox 1027 3225 1057 3281; x_wconf 93' lang='lat' dir='ltr'><strong>in</strong></span> <span class='ocrx_word' id='word_1_368' title='bbox 1073 3225 1172 3299; x_wconf 81' lang='lat' dir='ltr'><strong>lugam</strong></span> <span class='ocrx_word' id='word_1_369' title='bbox 1196 3223 1327 3281; x_wconf 91' lang='lat' dir='ltr'><strong>conversi</strong></span> <span class='ocrx_word' id='word_1_370' title='bbox 1352 3223 1521 3280; x_wconf 89' lang='lat' dir='ltr'><strong>nitebantur</strong></span> <span class='ocrx_word' id='word_1_371' title='bbox 1533 3222 1666 3289; x_wconf 90' lang='lat' dir='ltr'><strong>evadere,</strong></span> <span class='ocrx_word' id='word_1_372' title='bbox 1682 3219 1732 3276; x_wconf 88' lang='lat' dir='ltr'><strong>sed</strong></span> <span class='ocrx_word' id='word_1_373' title='bbox 1747 3213 1886 3275; x_wconf 86' lang='lat' dir='ltr'><strong>Demetrias</strong></span> 
     </span>
     <span class='ocr_line' id='line_1_33' title="bbox 279 3313 1886 3395; baseline 0.002 -26"><span class='ocrx_word' id='word_1_374' title='bbox 279 3313 496 3373; x_wconf 87' lang='lat' dir='ltr'><strong>secundicerius</strong></span> <span class='ocrx_word' id='word_1_375' title='bbox 512 3321 541 3373; x_wconf 90' lang='lat' dir='ltr'><strong>et</strong></span> <span class='ocrx_word' id='word_1_376' title='bbox 553 3317 705 3378; x_wconf 85' lang='lat' dir='ltr'><strong>Graticsus</strong></span> <span class='ocrx_word' id='word_1_377' title='bbox 720 3324 788 3394; x_wconf 88' lang='lat' dir='ltr'><strong>post</strong></span> <span class='ocrx_word' id='word_1_378' title='bbox 802 3325 917 3395; x_wconf 86' lang='lat' dir='ltr'><strong>tergum</strong></span> <span class='ocrx_word' id='word_1_379' title='bbox 932 3323 1094 3395; x_wconf 88' lang='lat' dir='ltr'><strong>supradicti</strong></span> <span class='ocrx_word' id='word_1_380' title='bbox 1109 3323 1231 3380; x_wconf 84' lang='lat' dir='ltr'><strong>Telonis</strong></span> <span class='ocrx_word' id='word_1_381' title='bbox 1246 3322 1418 3379; x_wconf 88' lang='lat' dir='ltr'><strong>assistentes</strong></span> <span class='ocrx_word' id='word_1_382' title='bbox 1431 3337 1498 3378; x_wconf 92' lang='lat' dir='ltr'><strong>eum</strong></span> <span class='ocrx_word' id='word_1_383' title='bbox 1514 3321 1544 3376; x_wconf 93' lang='lat' dir='ltr'><strong>in</strong></span> <span class='ocrx_word' id='word_1_384' title='bbox 1567 3320 1691 3376; x_wconf 86' lang='lat' dir='ltr'><strong>dorsum</strong></span> <span class='ocrx_word' id='word_1_385' title='bbox 1714 3315 1815 3374; x_wconf 89' lang='lat' dir='ltr'><strong>lanceis</strong></span> <span class='ocrx_word' id='word_1_386' title='bbox 1835 3329 1886 3386; x_wconf 87' lang='lat' dir='ltr'><strong>per·</strong></span> 
     </span>
     <span class='ocr_line' id='line_1_34' title="bbox 279 3409 1885 3493; baseline 0.001 -27"><span class='ocrx_word' id='word_1_387' title='bbox 279 3412 434 3482; x_wconf 83' lang='lat' dir='ltr'><strong>enitentes,</strong></span> <span class='ocrx_word' id='word_1_388' title='bbox 452 3413 495 3471; x_wconf 90' lang='lat' dir='ltr'><strong>sie</strong></span> <span class='ocrx_word' id='word_1_389' title='bbox 510 3415 651 3473; x_wconf 90' lang='lat' dir='ltr'><strong>adversus</strong></span> <span class='ocrx_word' id='word_1_390' title='bbox 666 3434 733 3474; x_wconf 88' lang='lat' dir='ltr'><strong>enm</strong></span> <span class='ocrx_word' id='word_1_391' title='bbox 749 3419 1061 3493; x_wconf 73' lang='lat' dir='ltr'><strong>praevalueruntatque</strong></span> <span class='ocrx_word' id='word_1_392' title='bbox 1076 3419 1295 3477; x_wconf 77' lang='lat' dir='ltr'><strong>interfecerunt.</strong></span> <span class='ocrx_word' id='word_1_393' title='bbox 1312 3419 1448 3476; x_wconf 89' lang='lat' dir='ltr'><strong>Passivus</strong></span> <span class='ocrx_word' id='word_1_394' title='bbox 1472 3434 1538 3475; x_wconf 87' lang='lat' dir='ltr'><strong>vero</strong></span> <span class='ocrx_word' id='word_1_395' title='bbox 1562 3417 1592 3473; x_wconf 91' lang='lat' dir='ltr'><strong>in</strong></span> <span class='ocrx_word' id='word_1_396' title='bbox 1619 3417 1808 3474; x_wconf 86' lang='lat' dir='ltr'><strong>Laterenense</strong></span> <span class='ocrx_word' id='word_1_397' title='bbox 1828 3409 1885 3483; x_wconf 86' lang='lat' dir='ltr'><strong>sugit</strong></span> 
     </span>
    </p>

    <p class='ocr_par' dir='ltr' id='par_1_14' title="bbox 228 3506 1438 3592">
     <span class='ocr_line' id='line_1_35' title="bbox 228 3506 1438 3592; baseline 0.009 -31"><span class='ocrx_word' id='word_1_398' title='bbox 228 3506 261 3562; x_wconf 85' lang='lat'><strong>10</strong></span> <span class='ocrx_word' id='word_1_399' title='bbox 279 3506 501 3580; x_wconf 87' lang='lat' dir='ltr'><strong>patriarchium,</strong></span> <span class='ocrx_word' id='word_1_400' title='bbox 518 3512 698 3569; x_wconf 88' lang='lat' dir='ltr'><strong>annuntians</strong></span> <span class='ocrx_word' id='word_1_401' title='bbox 711 3531 764 3570; x_wconf 91' lang='lat' dir='ltr'><strong>suo</strong></span> <span class='ocrx_word' id='word_1_402' title='bbox 779 3531 918 3588; x_wconf 87' lang='lat' dir='ltr'><strong>germano</strong></span> <span class='ocrx_word' id='word_1_403' title='bbox 934 3515 1123 3573; x_wconf 87' lang='lat' dir='ltr'><strong>Constantino</strong></span> <span class='ocrx_word' id='word_1_404' title='bbox 1139 3533 1203 3590; x_wconf 80' lang='lat' dir='ltr'><strong>quse</strong></span> <span class='ocrx_word' id='word_1_405' title='bbox 1217 3519 1300 3592; x_wconf 90' lang='lat' dir='ltr'><strong>gesta</strong></span> <span class='ocrx_word' id='word_1_406' title='bbox 1313 3517 1438 3572; x_wconf 83' lang='lat' dir='ltr'><strong>luerent.</strong></span> 
     </span>
    </p>

    <p class='ocr_par' dir='ltr' id='par_1_15' title="bbox 281 3606 1976 3882">
     <span class='ocr_line' id='line_1_36' title="bbox 316 3606 1976 3687; baseline 0.003 -26"><span class='ocrx_word' id='word_1_407' title='bbox 316 3606 393 3662; x_wconf 72' lang='lat'><strong>27⁰</strong></span> <span class='ocrx_word' id='word_1_408' title='bbox 408 3607 467 3662; x_wconf 87' lang='lat' dir='ltr'><strong>lice</strong></span> <span class='ocrx_word' id='word_1_409' title='bbox 482 3624 548 3664; x_wconf 93' lang='lat' dir='ltr'><strong>vero</strong></span> <span class='ocrx_word' id='word_1_410' title='bbox 564 3609 664 3666; x_wconf 89' lang='lat' dir='ltr'><strong>audito</strong></span> <span class='ocrx_word' id='word_1_411' title='bbox 678 3610 792 3684; x_wconf 82' lang='lat' dir='ltr'><strong>aufugit</strong></span> <span class='ocrx_word' id='word_1_412' title='bbox 808 3611 901 3668; x_wconf 88' lang='lat' dir='ltr'><strong>isdem</strong></span> <span class='ocrx_word' id='word_1_413' title='bbox 916 3613 1127 3671; x_wconf 88' lang='lat' dir='ltr'><strong>Constantinus</strong></span> <span class='ocrx_word' id='word_1_414' title='bbox 1142 3631 1210 3672; x_wconf 91' lang='lat' dir='ltr'><strong>cum</strong></span> <span class='ocrx_word' id='word_1_415' title='bbox 1227 3611 1427 3687; x_wconf 87' lang='lat' dir='ltr'><strong>suprascripto</strong></span> <span class='ocrx_word' id='word_1_416' title='bbox 1444 3611 1559 3670; x_wconf 89' lang='lat' dir='ltr'><strong>Passivo</strong></span> <span class='ocrx_word' id='word_1_417' title='bbox 1574 3615 1603 3668; x_wconf 92' lang='lat' dir='ltr'><strong>et</strong></span> <span class='ocrx_word' id='word_1_418' title='bbox 1618 3607 1885 3681; x_wconf 83' lang='lat' dir='ltr'><strong>Theodoroepiscopv</strong></span> <span class='ocrx_word' id='word_1_419' title='bbox 1975 3683 1976 3686; x_wconf 7' lang='grc' dir='ltr'><strong>Ἴ</strong></span> 
     </span>
     <span class='ocr_line' id='line_1_37' title="bbox 281 3699 1976 3779; baseline 0.002 -21"><span class='ocrx_word' id='word_1_420' title='bbox 281 3703 309 3758; x_wconf 92' lang='lat' dir='ltr'><strong>st</strong></span> <span class='ocrx_word' id='word_1_421' title='bbox 320 3699 502 3760; x_wconf 87' lang='lat' dir='ltr'><strong>vicedomino</strong></span> <span class='ocrx_word' id='word_1_422' title='bbox 518 3721 572 3761; x_wconf 93' lang='lat' dir='ltr'><strong>suo</strong></span> <span class='ocrx_word' id='word_1_423' title='bbox 588 3705 617 3762; x_wconf 93' lang='lat' dir='ltr'><strong>in</strong></span> <span class='ocrx_word' id='word_1_424' title='bbox 631 3705 782 3764; x_wconf 88' lang='lat' dir='ltr'><strong>basilicam</strong></span> <span class='ocrx_word' id='word_1_425' title='bbox 798 3707 967 3779; x_wconf 90' lang='lat' dir='ltr'><strong>Salvatoris,</strong></span> <span class='ocrx_word' id='word_1_426' title='bbox 983 3715 1012 3766; x_wconf 93' lang='lat' dir='ltr'><strong>et</strong></span> <span class='ocrx_word' id='word_1_427' title='bbox 1026 3711 1237 3770; x_wconf 88' lang='lat' dir='ltr'><strong>descendentes</strong></span> <span class='ocrx_word' id='word_1_428' title='bbox 1252 3712 1288 3768; x_wconf 94' lang='lat' dir='ltr'><strong>ad</strong></span> <span class='ocrx_word' id='word_1_429' title='bbox 1304 3711 1414 3768; x_wconf 85' lang='lat' dir='ltr'><strong>fontem</strong></span> <span class='ocrx_word' id='word_1_430' title='bbox 1430 3709 1460 3766; x_wconf 95' lang='lat' dir='ltr'><strong>in</strong></span> <span class='ocrx_word' id='word_1_431' title='bbox 1475 3708 1629 3766; x_wconf 88' lang='lat' dir='ltr'><strong>eeclesiam</strong></span> <span class='ocrx_word' id='word_1_432' title='bbox 1656 3705 1749 3766; x_wconf 89' lang='lat' dir='ltr'><strong>sancti</strong></span> <span class='ocrx_word' id='word_1_433' title='bbox 1765 3701 1885 3766; x_wconf 87' lang='lat' dir='ltr'><strong>Venantii,</strong></span> <span class='ocrx_word' id='word_1_434' title='bbox 1975 3757 1976 3762; x_wconf 73' lang='grc'>,</span> 
     </span>
     <span class='ocr_line' id='line_1_38' title="bbox 281 3797 1885 3882; baseline 0.001 -27"><span class='ocrx_word' id='word_1_435' title='bbox 281 3797 497 3872; x_wconf 88' lang='lat' dir='ltr'><strong>aliquantulum</strong></span> <span class='ocrx_word' id='word_1_436' title='bbox 512 3801 622 3860; x_wconf 90' lang='lat' dir='ltr'><strong>ibidem</strong></span> <span class='ocrx_word' id='word_1_437' title='bbox 638 3805 851 3874; x_wconf 91' lang='lat' dir='ltr'><strong>resederunt,et</strong></span> <span class='ocrx_word' id='word_1_438' title='bbox 864 3808 1084 3866; x_wconf 87' lang='lat' dir='ltr'><strong>considerantes</strong></span> <span class='ocrx_word' id='word_1_439' title='bbox 1100 3809 1205 3868; x_wconf 92' lang='lat' dir='ltr'><strong>melius</strong></span> <span class='ocrx_word' id='word_1_440' title='bbox 1221 3826 1252 3868; x_wconf 92' lang='lat' dir='ltr'><strong>se</strong></span> <span class='ocrx_word' id='word_1_441' title='bbox 1267 3825 1354 3882; x_wconf 89' lang='lat' dir='ltr'><strong>posse</strong></span> <span class='ocrx_word' id='word_1_442' title='bbox 1369 3805 1700 3879; x_wconf 87' lang='lat' dir='ltr'><strong>salvari,invsstiarinm</strong></span> <span class='ocrx_word' id='word_1_443' title='bbox 1708 3801 1885 3862; x_wconf 84' lang='lat' dir='ltr'><strong>ascenderunt.</strong></span> 
     </span>
    </p>
   </div>
   <div class='ocr_carea' id='block_1_3' title="bbox 283 3896 1976 3980">
    <p class='ocr_par' dir='ltr' id='par_1_16' title="bbox 283 3896 1976 3980">
     <span class='ocr_line' id='line_1_39' title="bbox 283 3896 1976 3980; baseline 0.004 -27"><span class='ocrx_word' id='word_1_444' title='bbox 283 3896 438 3956; x_wconf 82' lang='lat' dir='ltr'><strong>Hucintus</strong></span> <span class='ocrx_word' id='word_1_445' title='bbox 453 3901 612 3959; x_wconf 90' lang='lat' dir='ltr'><strong>oratorium</strong></span> <span class='ocrx_word' id='word_1_446' title='bbox 628 3903 722 3960; x_wconf 86' lang='lat' dir='ltr'><strong>saneti</strong></span> <span class='ocrx_word' id='word_1_447' title='bbox 737 3903 853 3962; x_wconf 81' lang='lat' dir='ltr'><strong>Cesarii</strong></span> <span class='ocrx_word' id='word_1_448' title='bbox 868 3905 1077 3979; x_wconf 85' lang='lat' dir='ltr'><strong>ingredientes,</strong></span> <span class='ocrx_word' id='word_1_449' title='bbox 1093 3907 1260 3980; x_wconf 89' lang='lat' dir='ltr'><strong>clausisque</strong></span> <span class='ocrx_word' id='word_1_450' title='bbox 1274 3923 1364 3980; x_wconf 90' lang='lat' dir='ltr'><strong>super</strong></span> <span class='ocrx_word' id='word_1_451' title='bbox 1378 3923 1409 3962; x_wconf 90' lang='lat' dir='ltr'><strong>se</strong></span> <span class='ocrx_word' id='word_1_452' title='bbox 1426 3903 1528 3978; x_wconf 88' lang='lat' dir='ltr'><strong>januis</strong></span> <span class='ocrx_word' id='word_1_453' title='bbox 1551 3903 1663 3962; x_wconf 84' lang='lat' dir='ltr'><strong>ibidem</strong></span> <span class='ocrx_word' id='word_1_454' title='bbox 1687 3901 1846 3963; x_wconf 83' lang='lat' dir='ltr'><strong>residebant·</strong></span> <span class='ocrx_word' id='word_1_455' title='bbox 1860 3897 1886 3952; x_wconf 71' lang='lat' dir='ltr'><strong>Et</strong></span> <span class='ocrx_word' id='word_1_456' title='bbox 1975 3945 1976 3952; x_wconf 48' lang='lat'><strong>,</strong></span> 
     </span>
    </p>
   </div>
   <div class='ocr_carea' id='block_1_4' title="bbox 232 3993 1885 4566">
    <p class='ocr_par' dir='ltr' id='par_1_17' title="bbox 245 3993 1885 4464">
     <span class='ocr_line' id='line_1_40' title="bbox 245 3993 1885 4090; baseline -0.001 -38"><span class='ocrx_word' id='word_1_457' title='bbox 245 3995 264 4052; x_wconf 84' lang='lat'><strong>5</strong></span> <span class='ocrx_word' id='word_1_458' title='bbox 281 3996 430 4054; x_wconf 82' lang='lat' dir='ltr'><strong>venientes</strong></span> <span class='ocrx_word' id='word_1_459' title='bbox 444 4003 511 4071; x_wconf 90' lang='lat' dir='ltr'><strong>post</strong></span> <span class='ocrx_word' id='word_1_460' title='bbox 525 3998 693 4073; x_wconf 86' lang='lat' dir='ltr'><strong>aliquantas</strong></span> <span class='ocrx_word' id='word_1_461' title='bbox 708 3999 796 4090; x_wconf 70' lang='lat' dir='ltr'><strong>horas</strong></span> <span class='ocrx_word' id='word_1_462' title='bbox 812 4001 902 4075; x_wconf 87' lang='lat' dir='ltr'><strong>hujus</strong></span> <span class='ocrx_word' id='word_1_463' title='bbox 918 4005 1055 4062; x_wconf 81' lang='lat' dir='ltr'><strong>Romana</strong></span> <span class='ocrx_word' id='word_1_464' title='bbox 1072 4005 1183 4063; x_wconf 83' lang='lat' dir='ltr'><strong>militia</strong></span> <span class='ocrx_word' id='word_1_465' title='bbox 1194 4005 1322 4077; x_wconf 90' lang='lat' dir='ltr'><strong>judices,</strong></span> <span class='ocrx_word' id='word_1_466' title='bbox 1339 4021 1388 4061; x_wconf 88' lang='lat' dir='ltr'><strong>oce</strong></span> <span class='ocrx_word' id='word_1_467' title='bbox 1403 4021 1437 4060; x_wconf 81' lang='lat' dir='ltr'><strong>ex</strong></span> <span class='ocrx_word' id='word_1_468' title='bbox 1451 4003 1515 4076; x_wconf 90' lang='lat' dir='ltr'><strong>ipso</strong></span> <span class='ocrx_word' id='word_1_469' title='bbox 1534 4001 1663 4059; x_wconf 90' lang='lat' dir='ltr'><strong>oratorio</strong></span> <span class='ocrx_word' id='word_1_470' title='bbox 1684 4000 1831 4073; x_wconf 82' lang='lat' dir='ltr'><strong>ejicientes,</strong></span> <span class='ocrx_word' id='word_1_471' title='bbox 1844 3993 1885 4050; x_wconf 91' lang='lat' dir='ltr'><strong>sub</strong></span> 
     </span>
     <span class='ocr_line' id='line_1_41' title="bbox 282 4094 1885 4177; baseline -0.003 -26"><span class='ocrx_word' id='word_1_472' title='bbox 282 4094 397 4152; x_wconf 70' lang='lat' dir='ltr'><strong>naumis</strong></span> <span class='ocrx_word' id='word_1_473' title='bbox 409 4095 588 4154; x_wconf 91' lang='lat' dir='ltr'><strong>munierunt.</strong></span> <span class='ocrx_word' id='word_1_474' title='bbox 605 4097 665 4155; x_wconf 77' lang='lat' dir='ltr'><strong>llio</strong></span> <span class='ocrx_word' id='word_1_475' title='bbox 680 4115 747 4156; x_wconf 91' lang='lat' dir='ltr'><strong>vero</strong></span> <span class='ocrx_word' id='word_1_476' title='bbox 766 4100 814 4157; x_wconf 89' lang='lat' dir='ltr'><strong>die</strong></span> <span class='ocrx_word' id='word_1_477' title='bbox 839 4101 1002 4171; x_wconf 89' lang='lat' dir='ltr'><strong>Dominioo,</strong></span> <span class='ocrx_word' id='word_1_478' title='bbox 1026 4119 1208 4177; x_wconf 88' lang='lat' dir='ltr'><strong>congregans</strong></span> <span class='ocrx_word' id='word_1_479' title='bbox 1229 4101 1428 4175; x_wconf 78' lang='lat' dir='ltr'><strong>waldipertus</strong></span> <span class='ocrx_word' id='word_1_480' title='bbox 1453 4101 1613 4174; x_wconf 73' lang='lat' dir='ltr'><strong>presbyter,</strong></span> <span class='ocrx_word' id='word_1_481' title='bbox 1640 4099 1786 4174; x_wconf 82' lang='lat' dir='ltr'><strong>ignorante</strong></span> <span class='ocrx_word' id='word_1_482' title='bbox 1806 4097 1885 4149; x_wconf 85' lang='lat' dir='ltr'><strong>autem</strong></span> 
     </span>
     <span class='ocr_line' id='line_1_42' title="bbox 283 4187 1885 4274; baseline -0.006 -25"><span class='ocrx_word' id='word_1_483' title='bbox 283 4193 420 4267; x_wconf 83' lang='lat' dir='ltr'><strong>predicto</strong></span> <span class='ocrx_word' id='word_1_484' title='bbox 437 4193 546 4268; x_wconf 86' lang='lat' dir='ltr'><strong>Sergio,</strong></span> <span class='ocrx_word' id='word_1_485' title='bbox 564 4195 731 4268; x_wconf 87' lang='lat' dir='ltr'><strong>aliquantos</strong></span> <span class='ocrx_word' id='word_1_486' title='bbox 747 4197 904 4266; x_wconf 81' lang='lat' dir='ltr'><strong>Romanos,</strong></span> <span class='ocrx_word' id='word_1_487' title='bbox 920 4203 1132 4274; x_wconf 87' lang='lat' dir='ltr'><strong>pergentesque</strong></span> <span class='ocrx_word' id='word_1_488' title='bbox 1147 4199 1176 4256; x_wconf 92' lang='lat' dir='ltr'><strong>in</strong></span> <span class='ocrx_word' id='word_1_489' title='bbox 1191 4197 1403 4256; x_wconf 85' lang='lat' dir='ltr'><strong>monasterium</strong></span> <span class='ocrx_word' id='word_1_490' title='bbox 1418 4197 1511 4254; x_wconf 88' lang='lat' dir='ltr'><strong>sancti</strong></span> <span class='ocrx_word' id='word_1_491' title='bbox 1526 4196 1596 4269; x_wconf 90' lang='lat' dir='ltr'><strong>Viti,</strong></span> <span class='ocrx_word' id='word_1_492' title='bbox 1611 4194 1792 4253; x_wconf 89' lang='lat' dir='ltr'><strong>abstulerunt</strong></span> <span class='ocrx_word' id='word_1_493' title='bbox 1804 4187 1885 4246; x_wconf 80' lang='lat' dir='ltr'><strong>exinde</strong></span> 
     </span>
     <span class='ocr_line' id='line_1_43' title="bbox 282 4289 1884 4371; baseline 0.001 -24"><span class='ocrx_word' id='word_1_494' title='bbox 282 4289 451 4366; x_wconf 84' lang='lat' dir='ltr'><strong>Philippum</strong></span> <span class='ocrx_word' id='word_1_495' title='bbox 465 4294 679 4366; x_wconf 79' lang='lat' dir='ltr'><strong>presbyterum,</strong></span> <span class='ocrx_word' id='word_1_496' title='bbox 694 4311 782 4367; x_wconf 89' lang='lat' dir='ltr'><strong>quem</strong></span> <span class='ocrx_word' id='word_1_497' title='bbox 798 4295 939 4369; x_wconf 90' lang='lat' dir='ltr'><strong>eligentes</strong></span> <span class='ocrx_word' id='word_1_498' title='bbox 954 4300 983 4355; x_wconf 89' lang='lat' dir='ltr'><strong>et</strong></span> <span class='ocrx_word' id='word_1_499' title='bbox 996 4313 1065 4353; x_wconf 90' lang='lat' dir='ltr'><strong>oum</strong></span> <span class='ocrx_word' id='word_1_500' title='bbox 1084 4297 1191 4371; x_wconf 90' lang='lat' dir='ltr'><strong>gaudio</strong></span> <span class='ocrx_word' id='word_1_501' title='bbox 1214 4295 1334 4354; x_wconf 87' lang='lat' dir='ltr'><strong>vocibus</strong></span> <span class='ocrx_word' id='word_1_502' title='bbox 1358 4295 1577 4353; x_wconf 87' lang='lat' dir='ltr'><strong>acclamantes:</strong></span> <span class='ocrx_word' id='word_1_503' title='bbox 1606 4293 1769 4366; x_wconf 82' lang='lat' dir='ltr'><strong>Philippum</strong></span> <span class='ocrx_word' id='word_1_504' title='bbox 1789 4299 1884 4361; x_wconf 73' lang='lat' dir='ltr'><strong>papam,</strong></span> 
     </span>
     <span class='ocr_line' id='line_1_44' title="bbox 284 4379 1885 4464; baseline -0.004 -18"><span class='ocrx_word' id='word_1_505' title='bbox 284 4395 404 4448; x_wconf 87' lang='lat' dir='ltr'><strong>sanctus</strong></span> <span class='ocrx_word' id='word_1_506' title='bbox 420 4391 520 4447; x_wconf 87' lang='lat' dir='ltr'><strong>Petrus</strong></span> <span class='ocrx_word' id='word_1_507' title='bbox 536 4389 623 4464; x_wconf 90' lang='lat' dir='ltr'><strong>elegit</strong></span> <span class='ocrx_word' id='word_1_508' title='bbox 636 4409 704 4448; x_wconf 89' lang='lat' dir='ltr'><strong>enm</strong></span> <span class='ocrx_word' id='word_1_509' title='bbox 721 4409 728 4448; x_wconf 92' lang='lat'>:</span> <span class='ocrx_word' id='word_1_510' title='bbox 745 4392 775 4448; x_wconf 93' lang='lat' dir='ltr'><strong>in</strong></span> <span class='ocrx_word' id='word_1_511' title='bbox 793 4393 946 4450; x_wconf 87' lang='lat' dir='ltr'><strong>basilicam</strong></span> <span class='ocrx_word' id='word_1_512' title='bbox 970 4393 1129 4452; x_wconf 88' lang='lat' dir='ltr'><strong>Salvatoris</strong></span> <span class='ocrx_word' id='word_1_513' title='bbox 1155 4411 1235 4451; x_wconf 89' lang='lat' dir='ltr'><strong>merc</strong></span> <span class='ocrx_word' id='word_1_514' title='bbox 1258 4393 1345 4452; x_wconf 90' lang='lat' dir='ltr'><strong>solito</strong></span> <span class='ocrx_word' id='word_1_515' title='bbox 1368 4393 1561 4450; x_wconf 87' lang='lat' dir='ltr'><strong>deduxerunt.</strong></span> <span class='ocrx_word' id='word_1_516' title='bbox 1577 4390 1700 4464; x_wconf 91' lang='lat' dir='ltr'><strong>illicque</strong></span> <span class='ocrx_word' id='word_1_517' title='bbox 1723 4386 1838 4446; x_wconf 87' lang='lat' dir='ltr'><strong>oratione</strong></span> <span class='ocrx_word' id='word_1_518' title='bbox 1857 4379 1885 4435; x_wconf 89' lang='lat' dir='ltr'><strong>ab</strong></span> 
     </span>
    </p>

    <p class='ocr_par' dir='ltr' id='par_1_18' title="bbox 232 4480 1885 4566">
     <span class='ocr_line' id='line_1_45' title="bbox 232 4480 1885 4566; baseline -0.006 -21"><span class='ocrx_word' id='word_1_519' title='bbox 232 4489 266 4545; x_wconf 87' lang='lat'><strong>10</strong></span> <span class='ocrx_word' id='word_1_520' title='bbox 283 4489 419 4564; x_wconf 89' lang='lat' dir='ltr'><strong>episcopo</strong></span> <span class='ocrx_word' id='word_1_521' title='bbox 434 4489 504 4545; x_wconf 91' lang='lat' dir='ltr'><strong>data</strong></span> <span class='ocrx_word' id='word_1_522' title='bbox 513 4489 597 4562; x_wconf 84' lang='lat' dir='ltr'><strong>juxta</strong></span> <span class='ocrx_word' id='word_1_523' title='bbox 614 4489 798 4563; x_wconf 89' lang='lat' dir='ltr'><strong>antiquitatis</strong></span> <span class='ocrx_word' id='word_1_524' title='bbox 813 4507 925 4548; x_wconf 88' lang='lat' dir='ltr'><strong>morem</strong></span> <span class='ocrx_word' id='word_1_525' title='bbox 940 4492 1177 4565; x_wconf 90' lang='lat' dir='ltr'><strong>tribuentemque</strong></span> <span class='ocrx_word' id='word_1_526' title='bbox 1192 4491 1476 4566; x_wconf 86' lang='lat' dir='ltr'><strong>pacemomnibusin</strong></span> <span class='ocrx_word' id='word_1_527' title='bbox 1488 4490 1683 4547; x_wconf 87' lang='lat' dir='ltr'><strong>Lateranense</strong></span> <span class='ocrx_word' id='word_1_528' title='bbox 1693 4480 1885 4544; x_wconf 84' lang='lat' dir='ltr'><strong>introduxerant</strong></span> 
     </span>
    </p>
   </div>
   <div class='ocr_carea' id='block_1_5' title="bbox 285 4586 1975 4662">
    <p class='ocr_par' dir='ltr' id='par_1_19' title="bbox 285 4586 1975 4662">
     <span class='ocr_line' id='line_1_46' title="bbox 285 4586 1975 4662; baseline -0.007 -17"><span class='ocrx_word' id='word_1_529' title='bbox 285 4586 505 4662; x_wconf 85' lang='lat' dir='ltr'><strong>patriarchium.</strong></span> <span class='ocrx_word' id='word_1_530' title='bbox 521 4587 555 4643; x_wconf 79' lang='lat' dir='ltr'><strong>st</strong></span> <span class='ocrx_word' id='word_1_531' title='bbox 569 4586 679 4644; x_wconf 89' lang='lat' dir='ltr'><strong>ibidem</strong></span> <span class='ocrx_word' id='word_1_532' title='bbox 691 4587 826 4646; x_wconf 90' lang='lat' dir='ltr'><strong>similiter</strong></span> <span class='ocrx_word' id='word_1_533' title='bbox 840 4587 870 4645; x_wconf 93' lang='lat' dir='ltr'><strong>in</strong></span> <span class='ocrx_word' id='word_1_534' title='bbox 886 4589 958 4646; x_wconf 85' lang='lat' dir='ltr'><strong>sella</strong></span> <span class='ocrx_word' id='word_1_535' title='bbox 972 4589 1132 4662; x_wconf 83' lang='lat' dir='ltr'><strong>pontificali</strong></span> <span class='ocrx_word' id='word_1_536' title='bbox 1148 4591 1264 4661; x_wconf 87' lang='lat' dir='ltr'><strong>sedans,</strong></span> <span class='ocrx_word' id='word_1_537' title='bbox 1280 4589 1472 4662; x_wconf 90' lang='lat' dir='ltr'><strong>tribuensque</strong></span> <span class='ocrx_word' id='word_1_538' title='bbox 1485 4588 1592 4657; x_wconf 92' lang='lat' dir='ltr'><strong>denuo,</strong></span> <span class='ocrx_word' id='word_1_539' title='bbox 1606 4591 1639 4643; x_wconf 92' lang='lat' dir='ltr'><strong>ut</strong></span> <span class='ocrx_word' id='word_1_540' title='bbox 1654 4603 1718 4642; x_wconf 91' lang='lat' dir='ltr'><strong>mos</strong></span> <span class='ocrx_word' id='word_1_541' title='bbox 1730 4587 1780 4651; x_wconf 90' lang='lat' dir='ltr'><strong>est,</strong></span> <span class='ocrx_word' id='word_1_542' title='bbox 1794 4591 1883 4654; x_wconf 85' lang='lat' dir='ltr'><strong>pacem,</strong></span> <span class='ocrx_word' id='word_1_543' title='bbox 1974 4589 1975 4596; x_wconf 56' lang='lat'>¹</span> 
     </span>
    </p>
   </div>
   <div class='ocr_carea' id='block_1_6' title="bbox 251 4674 1885 5447">
    <p class='ocr_par' dir='ltr' id='par_1_20' title="bbox 284 4674 1883 4856">
     <span class='ocr_line' id='line_1_47' title="bbox 284 4674 1883 4760; baseline -0.004 -18"><span class='ocrx_word' id='word_1_544' title='bbox 284 4685 417 4744; x_wconf 87' lang='lat' dir='ltr'><strong>aseendit</strong></span> <span class='ocrx_word' id='word_1_545' title='bbox 429 4701 548 4742; x_wconf 90' lang='lat' dir='ltr'><strong>sursum</strong></span> <span class='ocrx_word' id='word_1_546' title='bbox 563 4689 592 4742; x_wconf 88' lang='lat' dir='ltr'><strong>et</strong></span> <span class='ocrx_word' id='word_1_547' title='bbox 606 4702 750 4757; x_wconf 90' lang='lat' dir='ltr'><strong>mensem,</strong></span> <span class='ocrx_word' id='word_1_548' title='bbox 766 4690 799 4742; x_wconf 92' lang='lat' dir='ltr'><strong>ut</strong></span> <span class='ocrx_word' id='word_1_549' title='bbox 814 4685 943 4744; x_wconf 83' lang='lat' dir='ltr'><strong>assolent</strong></span> <span class='ocrx_word' id='word_1_550' title='bbox 952 4688 1115 4760; x_wconf 85' lang='lat' dir='ltr'><strong>pontifices,</strong></span> <span class='ocrx_word' id='word_1_551' title='bbox 1132 4687 1236 4759; x_wconf 90' lang='lat' dir='ltr'><strong>tenuit,</strong></span> <span class='ocrx_word' id='word_1_552' title='bbox 1249 4687 1384 4745; x_wconf 89' lang='lat' dir='ltr'><strong>sedentes</strong></span> <span class='ocrx_word' id='word_1_553' title='bbox 1398 4703 1467 4744; x_wconf 88' lang='lat' dir='ltr'><strong>eum</strong></span> <span class='ocrx_word' id='word_1_554' title='bbox 1483 4703 1517 4744; x_wconf 90' lang='lat' dir='ltr'><strong>eo</strong></span> <span class='ocrx_word' id='word_1_555' title='bbox 1532 4685 1676 4760; x_wconf 88' lang='lat' dir='ltr'><strong>aliquanti</strong></span> <span class='ocrx_word' id='word_1_556' title='bbox 1691 4701 1725 4740; x_wconf 85' lang='lat' dir='ltr'><strong>ax</strong></span> <span class='ocrx_word' id='word_1_557' title='bbox 1738 4674 1883 4755; x_wconf 79' lang='lat' dir='ltr'><strong>priunutibus</strong></span> 
     </span>
     <span class='ocr_line' id='line_1_48' title="bbox 285 4782 805 4856; baseline 0 -16"><span class='ocrx_word' id='word_1_558' title='bbox 285 4782 420 4840; x_wconf 76' lang='lat' dir='ltr'><strong>Ecclesia</strong></span> <span class='ocrx_word' id='word_1_559' title='bbox 434 4787 463 4840; x_wconf 90' lang='lat' dir='ltr'><strong>et</strong></span> <span class='ocrx_word' id='word_1_560' title='bbox 477 4783 669 4856; x_wconf 88' lang='lat' dir='ltr'><strong>optimatibus</strong></span> <span class='ocrx_word' id='word_1_561' title='bbox 684 4783 805 4840; x_wconf 82' lang='lat' dir='ltr'><strong>militie.</strong></span> 
     </span>
    </p>

    <p class='ocr_par' dir='ltr' id='par_1_21' title="bbox 286 4871 1885 5254">
     <span class='ocr_line' id='line_1_49' title="bbox 322 4871 1883 4958; baseline 0.001 -21"><span class='ocrx_word' id='word_1_562' title='bbox 322 4881 395 4937; x_wconf 74' lang='lat' dir='ltr'><em>m</em></span> <span class='ocrx_word' id='word_1_563' title='bbox 415 4880 482 4936; x_wconf 89' lang='lat' dir='ltr'><strong>Post</strong></span> <span class='ocrx_word' id='word_1_564' title='bbox 495 4879 649 4954; x_wconf 90' lang='lat' dir='ltr'><strong>paululum</strong></span> <span class='ocrx_word' id='word_1_565' title='bbox 664 4898 731 4940; x_wconf 90' lang='lat' dir='ltr'><strong>vero</strong></span> <span class='ocrx_word' id='word_1_566' title='bbox 746 4882 928 4956; x_wconf 77' lang='lat' dir='ltr'><strong>conjungens</strong></span> <span class='ocrx_word' id='word_1_567' title='bbox 943 4883 1044 4940; x_wconf 90' lang='lat' dir='ltr'><strong>eodem</strong></span> <span class='ocrx_word' id='word_1_568' title='bbox 1060 4883 1107 4940; x_wconf 89' lang='lat' dir='ltr'><strong>die</strong></span> <span class='ocrx_word' id='word_1_569' title='bbox 1122 4884 1278 4958; x_wconf 80' lang='lat' dir='ltr'><strong>saepefatus</strong></span> <span class='ocrx_word' id='word_1_570' title='bbox 1293 4881 1522 4956; x_wconf 79' lang='lat' dir='ltr'><strong>Christophorus</strong></span> <span class='ocrx_word' id='word_1_571' title='bbox 1537 4877 1731 4954; x_wconf 82' lang='lat' dir='ltr'><strong>primicerius,</strong></span> <span class='ocrx_word' id='word_1_572' title='bbox 1740 4871 1883 4948; x_wconf 55' lang='lat' dir='ltr'><strong>agrisque</strong></span> 
     </span>
     <span class='ocr_line' id='line_1_50' title="bbox 286 4969 1885 5072; baseline -0.005 -38"><span class='ocrx_word' id='word_1_573' title='bbox 286 4994 377 5034; x_wconf 88' lang='lat' dir='ltr'><strong>oausa</strong></span> <span class='ocrx_word' id='word_1_574' title='bbox 390 4976 540 5035; x_wconf 88' lang='lat' dir='ltr'><strong>electionis</strong></span> <span class='ocrx_word' id='word_1_575' title='bbox 554 4979 648 5052; x_wconf 89' lang='lat' dir='ltr'><strong>ipsius</strong></span> <span class='ocrx_word' id='word_1_576' title='bbox 663 4978 800 5054; x_wconf 83' lang='lat' dir='ltr'><strong>Philippi,</strong></span> <span class='ocrx_word' id='word_1_577' title='bbox 817 4979 895 5037; x_wconf 89' lang='lat' dir='ltr'><strong>illico</strong></span> <span class='ocrx_word' id='word_1_578' title='bbox 910 4980 940 5037; x_wconf 94' lang='lat' dir='ltr'><strong>in</strong></span> <span class='ocrx_word' id='word_1_579' title='bbox 957 4997 1064 5055; x_wconf 87' lang='lat' dir='ltr'><strong>magna</strong></span> <span class='ocrx_word' id='word_1_580' title='bbox 1078 4983 1240 5039; x_wconf 88' lang='lat' dir='ltr'><strong>ascendens</strong></span> <span class='ocrx_word' id='word_1_581' title='bbox 1255 4979 1293 5055; x_wconf 89' lang='lat' dir='ltr'><strong>(t)</strong></span> <span class='ocrx_word' id='word_1_582' title='bbox 1309 4969 1885 5072; x_wconf 48' lang='lat' dir='ltr'><strong>iraJurejurandocoramomnibusllomt:</strong></span> 
     </span>
     <span class='ocr_line' id='line_1_51' title="bbox 288 5078 1884 5158; baseline -0.009 -22"><span class='ocrx_word' id='word_1_583' title='bbox 288 5080 335 5136; x_wconf 90' lang='lat' dir='ltr'><strong>nis</strong></span> <span class='ocrx_word' id='word_1_584' title='bbox 349 5079 629 5148; x_wconf 80' lang='lat' dir='ltr'><strong>affirmabat,dicens</strong></span> <span class='ocrx_word' id='word_1_585' title='bbox 644 5098 675 5138; x_wconf 91' lang='lat' dir='ltr'><strong>se</strong></span> <span class='ocrx_word' id='word_1_586' title='bbox 691 5081 813 5139; x_wconf 84' lang='lat' dir='ltr'><strong>Romam</strong></span> <span class='ocrx_word' id='word_1_587' title='bbox 829 5081 950 5140; x_wconf 89' lang='lat' dir='ltr'><strong>minime</strong></span> <span class='ocrx_word' id='word_1_588' title='bbox 963 5083 1166 5158; x_wconf 88' lang='lat' dir='ltr'><strong>ingressurum</strong></span> <span class='ocrx_word' id='word_1_589' title='bbox 1182 5097 1335 5158; x_wconf 88' lang='lat' dir='ltr'><strong>quousque</strong></span> <span class='ocrx_word' id='word_1_590' title='bbox 1351 5083 1502 5156; x_wconf 89' lang='lat' dir='ltr'><strong>Philippus</strong></span> <span class='ocrx_word' id='word_1_591' title='bbox 1515 5083 1667 5157; x_wconf 80' lang='lat' dir='ltr'><strong>presbyter</strong></span> <span class='ocrx_word' id='word_1_592' title='bbox 1680 5081 1714 5136; x_wconf 90' lang='lat' dir='ltr'><strong>de</strong></span> <span class='ocrx_word' id='word_1_593' title='bbox 1729 5078 1884 5132; x_wconf 72' lang='lat' dir='ltr'><strong>lateranens</strong></span> 
     </span>
     <span class='ocr_line' id='line_1_52' title="bbox 288 5167 1884 5254; baseline -0.009 -19"><span class='ocrx_word' id='word_1_594' title='bbox 288 5175 427 5250; x_wconf 83' lang='lat' dir='ltr'><strong>expulsus</strong></span> <span class='ocrx_word' id='word_1_595' title='bbox 437 5193 495 5234; x_wconf 92' lang='lat' dir='ltr'><strong>non</strong></span> <span class='ocrx_word' id='word_1_596' title='bbox 510 5176 615 5234; x_wconf 88' lang='lat' dir='ltr'><strong>luisset</strong></span> <span class='ocrx_word' id='word_1_597' title='bbox 629 5177 818 5252; x_wconf 88' lang='lat' dir='ltr'><strong>patriarchio.</strong></span> <span class='ocrx_word' id='word_1_598' title='bbox 835 5181 917 5236; x_wconf 84' lang='lat' dir='ltr'><strong>Tune</strong></span> <span class='ocrx_word' id='word_1_599' title='bbox 932 5197 1092 5254; x_wconf 89' lang='lat' dir='ltr'><strong>properans</strong></span> <span class='ocrx_word' id='word_1_600' title='bbox 1106 5179 1270 5239; x_wconf 90' lang='lat' dir='ltr'><strong>antedictus</strong></span> <span class='ocrx_word' id='word_1_601' title='bbox 1285 5181 1439 5238; x_wconf 85' lang='lat' dir='ltr'><strong>Gratiosus</strong></span> <span class='ocrx_word' id='word_1_602' title='bbox 1454 5197 1521 5237; x_wconf 89' lang='lat' dir='ltr'><strong>eum</strong></span> <span class='ocrx_word' id='word_1_603' title='bbox 1537 5179 1695 5253; x_wconf 87' lang='lat' dir='ltr'><strong>aliquantis</strong></span> <span class='ocrx_word' id='word_1_604' title='bbox 1713 5167 1837 5232; x_wconf 82' lang='lat' dir='ltr'><strong>Romanis</strong></span> <span class='ocrx_word' id='word_1_605' title='bbox 1848 5178 1884 5218; x_wconf 82' lang='lat' dir='ltr'><strong>ex·</strong></span> 
     </span>
    </p>

    <p class='ocr_par' dir='ltr' id='par_1_22' title="bbox 251 5257 1884 5447">
     <span class='ocr_line' id='line_1_53' title="bbox 251 5257 1882 5354; baseline -0.01 -20"><span class='ocrx_word' id='word_1_606' title='bbox 251 5277 270 5334; x_wconf 85' lang='lat'>5</span> <span class='ocrx_word' id='word_1_607' title='bbox 289 5276 497 5351; x_wconf 87' lang='lat' dir='ltr'><strong>puleruntjam</strong></span> <span class='ocrx_word' id='word_1_608' title='bbox 513 5275 625 5331; x_wconf 89' lang='lat' dir='ltr'><strong>dictum</strong></span> <span class='ocrx_word' id='word_1_609' title='bbox 642 5274 806 5350; x_wconf 90' lang='lat' dir='ltr'><strong>Philippum</strong></span> <span class='ocrx_word' id='word_1_610' title='bbox 821 5278 1023 5351; x_wconf 74' lang='lat' dir='ltr'><strong>presbyterum</strong></span> <span class='ocrx_word' id='word_1_611' title='bbox 1039 5279 1074 5335; x_wconf 91' lang='lat' dir='ltr'><strong>de</strong></span> <span class='ocrx_word' id='word_1_612' title='bbox 1087 5278 1188 5336; x_wconf 92' lang='lat' dir='ltr'><strong>eodem</strong></span> <span class='ocrx_word' id='word_1_613' title='bbox 1203 5277 1391 5353; x_wconf 88' lang='lat' dir='ltr'><strong>patriarchio,</strong></span> <span class='ocrx_word' id='word_1_614' title='bbox 1408 5278 1458 5354; x_wconf 89' lang='lat' dir='ltr'><strong>qui</strong></span> <span class='ocrx_word' id='word_1_615' title='bbox 1475 5283 1504 5336; x_wconf 87' lang='lat' dir='ltr'><strong>et</strong></span> <span class='ocrx_word' id='word_1_616' title='bbox 1519 5295 1572 5352; x_wconf 91' lang='lat' dir='ltr'><strong>per</strong></span> <span class='ocrx_word' id='word_1_617' title='bbox 1585 5276 1693 5335; x_wconf 89' lang='lat' dir='ltr'><strong>scalam</strong></span> <span class='ocrx_word' id='word_1_618' title='bbox 1704 5289 1763 5348; x_wconf 82' lang='lat' dir='ltr'><strong>qus</strong></span> <span class='ocrx_word' id='word_1_619' title='bbox 1778 5264 1845 5324; x_wconf 91' lang='lat' dir='ltr'><strong>ducit</strong></span> <span class='ocrx_word' id='word_1_620' title='bbox 1856 5257 1882 5313; x_wconf 87' lang='lat' dir='ltr'><strong>ad</strong></span> 
     </span>
     <span class='ocr_line' id='line_1_54' title="bbox 289 5359 1884 5447; baseline -0.004 -15"><span class='ocrx_word' id='word_1_621' title='bbox 289 5375 428 5434; x_wconf 85' lang='lat' dir='ltr'><strong>balneum</strong></span> <span class='ocrx_word' id='word_1_622' title='bbox 442 5371 634 5443; x_wconf 88' lang='lat' dir='ltr'><strong>descendens,</strong></span> <span class='ocrx_word' id='word_1_623' title='bbox 650 5390 717 5429; x_wconf 87' lang='lat' dir='ltr'><strong>curn</strong></span> <span class='ocrx_word' id='word_1_624' title='bbox 727 5389 835 5447; x_wconf 90' lang='lat' dir='ltr'><strong>magna</strong></span> <span class='ocrx_word' id='word_1_625' title='bbox 849 5375 1010 5432; x_wconf 89' lang='lat' dir='ltr'><strong>reverentia</strong></span> <span class='ocrx_word' id='word_1_626' title='bbox 1025 5376 1061 5432; x_wconf 91' lang='lat' dir='ltr'><strong>ad</strong></span> <span class='ocrx_word' id='word_1_627' title='bbox 1076 5393 1164 5432; x_wconf 91' lang='lat' dir='ltr'><strong>suum</strong></span> <span class='ocrx_word' id='word_1_628' title='bbox 1186 5393 1319 5434; x_wconf 88' lang='lat' dir='ltr'><strong>reversus</strong></span> <span class='ocrx_word' id='word_1_629' title='bbox 1342 5381 1387 5434; x_wconf 86' lang='lat' dir='ltr'><strong>est</strong></span> <span class='ocrx_word' id='word_1_630' title='bbox 1411 5375 1632 5434; x_wconf 88' lang='lat' dir='ltr'><strong>monasterium.</strong></span> <span class='ocrx_word' id='word_1_631' title='bbox 1649 5373 1750 5446; x_wconf 91' lang='lat' dir='ltr'><strong>Sicque</strong></span> <span class='ocrx_word' id='word_1_632' title='bbox 1772 5359 1884 5440; x_wconf 69' lang='lat' dir='ltr'><strong>praelatus</strong></span> 
     </span>
    </p>
   </div>
   <div class='ocr_carea' id='block_1_7' title="bbox 809 5543 1324 5594">
    <p class='ocr_par' dir='ltr' id='par_1_23' title="bbox 809 5543 1324 5594">
     <span class='ocr_line' id='line_1_55' title="bbox 809 5543 1324 5594; baseline 0.004 -5"><span class='ocrx_word' id='word_1_633' title='bbox 809 5543 936 5591; x_wconf 69' lang='lat' dir='ltr'><strong>nouum</strong></span> <span class='ocrx_word' id='word_1_634' title='bbox 957 5545 1148 5594; x_wconf 68' lang='lat' dir='ltr'><strong>maerentes</strong></span> <span class='ocrx_word' id='word_1_635' title='bbox 1168 5545 1324 5593; x_wconf 74' lang='lat' dir='ltr'><strong>FABROTPI.</strong></span> 
     </span>
    </p>
   </div>
   <div class='ocr_carea' id='block_1_8' title="bbox 255 5676 959 5752">
    <p class='ocr_par' dir='ltr' id='par_1_24' title="bbox 255 5676 959 5752">
     <span class='ocr_line' id='line_1_56' title="bbox 255 5676 959 5752; baseline -0.003 -17"><span class='ocrx_word' id='word_1_636' title='bbox 255 5681 294 5752; x_wconf 88' lang='lat' dir='ltr'><strong>(c)</strong></span> <span class='ocrx_word' id='word_1_637' title='bbox 309 5679 409 5737; x_wconf 78' lang='lat' dir='ltr'><strong>Paroa.</strong></span> <span class='ocrx_word' id='word_1_638' title='bbox 425 5697 492 5736; x_wconf 79' lang='lat' dir='ltr'><strong>aaa.</strong></span> <span class='ocrx_word' id='word_1_639' title='bbox 505 5680 569 5736; x_wconf 83' lang='grc'><strong>767.</strong></span> <span class='ocrx_word' id='word_1_640' title='bbox 607 5679 647 5750; x_wconf 89' lang='lat' dir='ltr'><strong>(t)</strong></span> <span class='ocrx_word' id='word_1_641' title='bbox 662 5676 902 5752; x_wconf 74' lang='lat' dir='ltr'><strong>succensus,[det.</strong></span> <span class='ocrx_word' id='word_1_642' title='bbox 919 5677 959 5735; x_wconf 90' lang='lat' dir='ltr'><strong>in.</strong></span> 
     </span>
    </p>
   </div>
   <div class='ocr_carea' id='block_1_9' title="bbox 0 0 2024 6164">
    <p class='ocr_par' dir='ltr' id='par_1_25' title="bbox 0 0 2024 6164">
     <span class='ocr_line' id='line_1_57' title="bbox 0 0 2024 6164; baseline 0 0"><span class='ocrx_word' id='word_1_643' title='bbox 0 0 2024 6164; x_wconf 95' lang='lat' dir='ltr'><strong> </strong></span> 
     </span>
    </p>
   </div>
  </div>
 </body>
</html>
