4040 6170
119 203 197 272 ares
483 207 668 273 aeroma
691 207 743 274 ns
762 207 865 276 uma
889 205 983 278 sors.
1006 205 1173 278 rotte-
1189 215 1223 279 s.
1244 216 1455 283 annianus.
1746 203 1824 285 tiro

188 345 277 398 mmo
292 337 395 398 domiai
408 335 551 428 ¹Stephani
570 347 662 417 pape,
672 341 761 418 atqa'e
770 357 788 403 a
798 343 966 420 omonimo)
978 337 1157 406 euhioaiario
1172 341 1228 407 adii
1243 335 1299 409 hoo
1316 335 1408 412 saissa
1423 335 1611 428 praereptum,
1623 353 1699 412 tradi
1713 336 1824 416 eisdem

187 438 357 514 (tempesta.
1313 457 1317 464 ·

221 535 307 596 Μ·
318 535 511 612 hirigensqiie
525 538 603 596 idern
619 538 826 619 sanctissimus
840 537 949 618 presul
962 557 1033 604 suos
1047 544 1200 626 missosia
1213 545 1403 620 Campaniam
1420 547 1450 604 in
1465 547 1613 608 civitatem
1629 551 1825 628 Anagninum,

188 633 295 694 addoni
310 633 380 692 ionii
394 635 548 710 pradiotos
562 635 757 697 'tunissonom
768 642 807 712 (ir)
822 645 851 698 et
863 641 1107 712 baenatiumoei
1119 644 1286 718 presentati
1301 645 1469 719 apostolicis
1484 647 1642 720 obtulibus,
1655 649 1825 726 fortiterque

190 733 490 803 moestia-oensem
505 734 584 806 sant,
601 735 730 796 dieentes
745 739 822 813 quod
833 737 1072 815 sprsnominato
1088 737 1176 800 Paulo
1191 742 1371 800 onbieulario
1382 745 1409 800 ei
1421 743 1560 818 Gregorio
1571 748 1722 806 defensore
1737 749 1828 824 regio·

189 831 273 890 narie
286 849 339 890 sea
353 832 466 890 loanni
480 835 620 908 germano
635 835 748 910 prelati
772 837 873 896 domni
889 837 1029 914 Stephani
1053 857 1145 916 pape,
1161 845 1190 898 et
1205 840 1321 898 Calvulo
1346 841 1416 898 item
1444 843 1633 914 cubiculario,
1646 849 1675 903 et
1698 843 1826 922 Maligna

151 932 172 988 5
189 931 434 1002 mesenensem
443 927 665 1004 oepotottrmti
675 929 757 993 illius
766 931 943 1011 praeseptum
954 933 1057 996 itrissst
1067 939 1311 1012 prenominatum
1320 941 1401 1014 Sergi
1406 955 1455 998 um
1466 939 1683 1000 abstolleudum
1695 961 1727 1000 ao
1738 943 1828 1002 inter·

190 1027 360 1086 dolandam.
371 1027 509 1087 Protinus
519 1029 625 1088 direxit
637 1030 702 1106 ipse
716 1027 921 1092 sanetisaimus
936 1035 1065 1109 pontifex
1078 1035 1145 1093 oum
1156 1037 1378 1111 prenominatis
1389 1037 1547 1113 Campanis
1558 1055 1627 1098 suos
1637 1037 1826 1099 fidelissimos

190 1125 393 1195 ministrarant
406 1125 750 1188 demonstrarentloeum
760 1131 810 1188 ubi
826 1129 924 1206 ipsum
936 1121 1072 1207 Sergium
1085 1131 1293 1194 inierieoerunt
1304 1139 1391 1208 atque
1402 1135 1631 1210 sepelierunt3et
1640 1143 1828 1212 properantes

190 1225 334 1282 venerunt
346 1223 443 1299 asqtre
456 1225 487 1282 in
503 1223 680 1284 iterolsnam
696 1229 733 1284 ad
747 1243 849 1286 aream
864 1223 1025 1304 deplutam,
1041 1243 1142 1288 serens
1164 1231 1242 1289 siam
1252 1247 1315 1306 que
1331 1233 1414 1290 dueit
1428 1235 1463 1291 ad
1480 1233 1633 1293 eooleeiam
1657 1239 1763 1293 senate
1777 1234 1829 1293 Dei

190 1320 400 1380 (ianitriois'ad
415 1323 554 1398 Prusepe,
571 1319 671 1398 ibique
687 1324 773 1398 juata
787 1321 924 1388 eumdem
939 1335 1041 1388 areum
1060 1323 1224 1404 aperientes
1239 1341 1329 1388 unam
1345 1331 1541 1404 sepulturam,
1555 1333 1830 1391 demonstraverunt

135 1421 175 1479 te
191 1421 299 1494 oo'rpaa
308 1419 390 1480 illitis
398 1419 496 1496 &rgii
503 1419 675 1496 repositum,
684 1422 811 1498 luneque
822 1425 887 1498 ejus
897 1417 1000 1500 guttur
1008 1413 1306 1501 eonstriotum,atqus
1317 1427 1425 1485 letibus
1435 1431 1529 1486 totum
1539 1447 1645 1504 eorpus
1657 1431 1722 1503 ejus
1731 1431 1829 1490 vulne-

191 1519 301 1576 rtrum.
313 1517 395 1576 ilarii
409 1515 468 1576 nod
483 1519 574 1576 dubis
586 1525 631 1577 est
646 1515 823 1580 auimatum
836 1539 871 1580 so
885 1523 1058 1581 semivivum
1075 1523 1165 1582 ilris'se
1179 1522 1257 1582 terra
1271 1525 1422 1582 obrutum.
1437 1527 1517 1595 Quod
1534 1531 1685 1586 cernentes
1699 1527 1828 1587 universi

192 1613 494 1691 permonstratum,
509 1613 671 1690 atjadires
686 1618 806 1690 militia,
822 1613 1014 1678 assendentes
1029 1622 1210 1680 unanimiter
1229 1629 1297 1680 oum
1313 1623 1448 1682 universo
1463 1625 1571 1700 populo
1587 1625 1617 1681 in
1633 1625 1827 1685 Laterenonse

191 1714 422 1790 patriarchium,
439 1715 579 1790 prostrati
593 1715 761 1791 apostolicis
774 1717 1024 1794 vestigiis‚ohnixti
1037 1719 1173 1778 eumdem
1188 1720 1349 1779 almificum
1365 1722 1532 1796 pontiii'rem
1549 1723 1694 1796 deprecati
1711 1729 1781 1781 sunt
1796 1728 1829 1782 ut

191 1813 355 1870 vindictam
369 1811 457 1888 dique?
467 1809 702 1872 emendetione'm
712 1807 971 1891 tlarl'piaeoe'pisset
980 1817 1108 1875 (le‘t'snto
1118 1817 1251 1876 inaudito
1261 1819 1387 1893 pisonis,
1399 1819 1430 1877 in
1439 1837 1473 1878 eo
1483 1819 1560 1894 quod
1571 1823 1829 1895 presumpsissent

134 1909 177 1970 ¹5
193 1907 295 1969 mm
304 1907 455 1969 homiaem
467 1907 575 1985 sapitis
587 1907 743 1970 tormentis
752 1918 971 1974 eonorematum
982 1905 1140 1974 erudeliter
1149 1910 1323 1987 interlicere,
1336 1919 1414 1991 qdod
1425 1918 1535 1974 lisoium
1545 1935 1697 1994 nunquam
1707 1919 1829 1994 iegitur;

194 2007 473 2083 mmatesqotdst
483 2009 553 2068 talis
563 2003 667 2084 tleg'itii
680 2015 779 2068 reatus
793 2026 852 2070 non
867 2007 1044 2086 expiaretur,
1055 2013 1145 2071 nimis
1159 2013 1224 2088 ipsa
1238 2014 1330 2088 impia
1339 2015 1513 2073 temeritatis
1526 2017 1716 2090 presumptio
1730 2017 1759 2073 in
1775 2017 1831 2074 hae

194 2107 327 2165 somena
342 2105 415 2165 urbe
429 2101 597 2181 pullularet,
608 2106 795 2170 assumentes
811 2121 846 2166 ex
860 2110 916 2168 hoe
938 2111 1092 2168 audatiam
1108 2101 1236 2186 peruersi
1255 2108 1390 2170 homines
1407 2117 1440 2170 ui
1453 2116 1601 2171 tentarent
1615 2113 1714 2188 peiora
1728 2131 1831 2191 perpe-

192 2203 281 2262 trata.
293 2201 377 2262 ‘I‘a'rr'e
390 2199 530 2279 premat
544 2203 750 2264 moeremus
764 2205 871 2281 presul
887 2208 1029 2283 praeibas·
1040 2207 1177 2282 juditam
1198 2195 1385 2284 universique
1400 2210 1501 2284 populi
1517 2211 1642 2268 Romani
1653 2211 1747 2284 jussit
1759 2225 1832 2268 eon-

193 2303 310 2365 ansere
324 2299 492 2360 moratum
502 2301 656 2360 carrdtnm
670 2297 893 2374 odoramentum,
910 2303 943 2362 et‘
953 2305 1181 2379 prenominatos
1195 2303 1361 2380 Campanos
1374 2307 1511 2382 praetacto
1526 2307 1622 2375 Urbis,
1639 2313 1671 2364 ut
1685 2308 1831 2366 moro-ho·

129 2402 186 2458 2⁰¹
198 2397 374 2462 sordueram
391 2395 559 2460 errrorem
580 2397 718 2459 univemo
736 2401 845 2476 populo
864 2395 1054 2460 eremitteret.
1072 2395 1254 2478 lieduetique
1269 2420 1286 2462 a
1300 2403 1460 2479 Elephanto
1476 2389 1512 2476 (ci
1528 2405 1557 2462 in
1573 2421 1718 2462 carcerem
1734 2405 1832 2480 puhli-

195 2497 276 2566 oeaa
292 2494 354 2555 illio
367 2495 466 2556 eoram
481 2498 620 2556 anissiso
631 2499 740 2574 populo
754 2493 911 2558 examinati
924 2505 1005 2558 sunt.

231 2593 315 2654 Μ
325 2593 503 2670 Sisqueipsi
520 2595 664 2670 campini,
677 2590 755 2654 sierlt
768 2597 860 2673 pnes,
872 2597 913 2655 ita
928 2588 958 2656 et
971 2597 1001 2654 in
1016 2589 1117 2655 eadem
1137 2593 1353 2656 examinatione
1366 2598 1492 2656 eodisssi
1507 2601 1586 2655 sunl.
1600 2597 1737 2656 Calauius
1752 2615 1830 2666 vero,

196 2690 407 2752 ohdhreriaoor
419 2689 573 2761 animm
582 2688 735 2751 molestias
745 2698 791 2752 est
804 2695 846 2752 ita
856 2694 958 2752 omnia·
967 2688 1046 2764 sa'sess
1058 2694 1109 2768 qui
1124 2683 1223 2752 taines
1238 2694 1268 2751 in
1279 2696 1382 2752 eedem
1394 2711 1508 2753 oaroere
1522 2695 1632 2753 erudeli
1650 2697 1742 2753 morte
1755 2695 1832 2752 ami-

197 2789 237 2848 sit
248 2787 290 2864 (si
304 2790 453 2865 spiritam.
466 2785 520 2848 Pr'o
533 2791 601 2848 itero
615 2787 805 2864 amputandis
819 2796 881 2849 tam
905 2783 1140 2850 tamremutham
1156 2789 1259 2866 liag'ltii
1274 2787 1405 2850 reatibus
1428 2792 1513 2850 missi
1537 2797 1607 2850 sunt
1620 2791 1677 2868 ipsi
1692 2793 1833 2867 Campani

196 2886 480 2962 Constantinopolim
493 2887 525 2944 in
539 2887 685 2946 exsilium.
767 2899 769 2906 ’
1884 2889 1887 2904 “

233 2987 311 3044 100
326 2981 394 3044 Post
406 2981 468 3044 hale
492 2986 585 3061 jussit
608 2986 757 3049 antefatus
781 2977 1061 3063 llsstlssimu's'papa
1075 2975 1191 3046 abstolli
1207 2995 1330 3062 eorpora
1344 2987 1545 3062 christophori
1573 2973 1606 3045 st'
1630 2978 1834 3062 prenominati

193 3082 287 3158 sergi
302 3085 367 3157 eihs
382 3082 446 3152 tilii,
456 3097 553 3158 eaque
564 3095 633 3142 eum
648 3079 759 3142 honore
771 3081 801 3142 ih
816 3084 939 3143 eoelesia
954 3085 1032 3143 beati
1047 3077 1123 3143 Petri
1138 3075 1209 3144 ieoil
1221 3076 1423 3160 speliri.(lesta
1436 3100 1502 3144 vero
1518 3085 1746 3144 examinationis
1762 3102 1834 3160 qua·

197 3179 265 3239 liter
279 3177 386 3256 proprii
403 3175 503 3240 reat-‘m
517 3195 623 3240 nonam
637 3181 768 3242 massot
777 3175 851 3240 suntt'
864 3183 928 3257 jem
943 3173 1042 3241 diales
1056 3184 1194 3242 llaltulus
1209 3181 1408 3241 oubioularius
1422 3188 1452 3241 et
1467 3184 1671 3257 praenominati
1682 3181 1832 3257 campani,

177 3277 301 3337 dimisit
315 3275 466 3337 anteiltas
478 3279 625 3338 almifleos
646 3279 777 3355 pertitas
800 3281 980 3352 Ravennam,
996 3285 1030 3338 at
1053 3281 1148 3339 eidem
1165 3277 1252 3339 P‘aulo
1267 3281 1368 3338 omnia
1392 3297 1445 3354 per
1468 3281 1600 3339 ordinem
1625 3281 1833 3354 relegerentur.

157 3379 177 3435 5
196 3375 368 3451 Suscipiens
377 3394 444 3435 vero
460 3379 516 3435 hoo
531 3377 774 3453 archiepiscopus
785 3379 997 3437 liarennatium
1010 3380 1112 3436 eadem
1127 3383 1220 3452 gesto,
1234 3377 1387 3436 oonsestim
1399 3379 1462 3436 sine
1474 3379 1647 3436 auotoritnta
1661 3378 1833 3452 apostoliea,

191 3469 457 3550 tmdtrhtaumdam
472 3469 754 3534 Paalam‘oonsulerl
765 3469 977 3534 Rauennatium
989 3467 1331 3550 urhisllxamidstusque
1346 3478 1596 3534 coram'omnibus
1606 3475 1835 3544 Rauennatibus,

191 3573 297 3631 amm
312 3569 652 3644 tantumtantum,
669 3573 771 3648 sieque
785 3586 817 3631 sa
828 3567 915 3631 raum
931 3564 1124 3632 manitastans
1146 3573 1220 3631 tanti
1242 3563 1360 3648 pioouii,
1378 3561 1532 3632 ooniessus
1547 3579 1592 3631 est
1607 3591 1638 3632 se
1653 3577 1837 3648 perpetrasse

193 3667 569 3731 rosam.1rd²verotaosm
590 3665 699 3729 leuius
727 3665 912 3730 examinatus
927 3662 981 3742 est}
998 3663 1068 3746 quin
1100 3663 1190 3730 etiam
1219 3684 1272 3728 neo
1300 3671 1424 3728 seientia
1438 3672 1542 3730 exinde
1557 3673 1626 3729 data
1649 3676 1695 3729 est
1718 3671 1836 3745 pretato

192 3744 383 3828 messum
396 3763 538 3842 pontiden
550 3778 646 3844 neque
660 3769 698 3826 als
712 3763 1048 3844 arehiepiseopo,·neque
1062 3779 1080 3826 a
1094 3769 1273 3844 quibusdam
1289 3759 1472 3838 ilavinianis,
1484 3770 1535 3828 sed
1551 3785 1603 3845 per
1613 3769 1686 3826 alios
1701 3768 1756 3824 hoo
1771 3769 1836 3840 ejus

134 3865 181 3925 to’
194 3863 477 3940 smehtes'agnosit.
488 3865 564 3924 Dum
580 3879 646 3924 raro
660 3861 717 3923 hoe
731 3861 875 3942 ageretur,
887 3865 1011 3940 eripiens
1025 3865 1088 3942 ipse
1103 3860 1272 3940 preoiprlus
1286 3855 1387 3939 pastor
1396 3872 1424 3924 st
1434 3868 1569 3942 egregius
1584 3857 1714 3940 pontiden
1725 3864 1837 3922 salvare

194 3959 403 4039 animam'jim
418 3955 490 4021 dtett
504 3961 596 4032 Pauli,
612 3961 649 4021 no
672 3963 703 4020 in
729 3968 871 4022 aternum
891 3963 1009 4038 periret,
1025 3963 1134 4021 asorihi
1154 3960 1223 4020 iecit
1248 3963 1466 4038 suggestionem
1492 3979 1577 4022 suam
1603 3961 1793 4020 Constantino
1808 3964 1839 4018 at

195 4061 286 4119 Iasoni
301 4061 443 4136 Aigostis
460 4055 889 4136 magnisque'imperatorihum
907 4061 1138 4136 signiacensis
1155 4058 1252 4136 ipsius
1271 4049 1363 4135 Sergii
1380 4061 1447 4118 caol
1462 4061 1554 4136 impia
1570 4063 1672 4127 morte,
1684 4064 1771 4132 atque
1784 4059 1837 4115 de-

196 4153 438 4236 praesessorem
452 4157 636 4232 impetialem
652 4157 839 4216 elementiam
855 4163 889 4216 ut
901 4159 937 4216 etl
950 4151 1186 4216 emendationem
1211 4159 1285 4216 tanti
1301 4159 1400 4216 reatus
1415 4157 1514 4232 ipsum
1531 4155 1653 4214 Paulum
1673 4155 1784 4229 suscipi
1808 4158 1838 4211 et

195 4257 228 4315 in
243 4253 318 4332 ipsis
330 4252 446 4317 (limeis
459 4251 595 4330 mnibus
607 4256 638 4314 in
653 4253 754 4314 exsilio
770 4249 971 4330 mancipatum
986 4256 1116 4325 retineri,
1135 4256 1342 4330 precepissent
1356 4256 1401 4329 (e).

233 4351 314 4414 Μ’
326 4353 495 4428 Dimisitque
506 4349 646 4412 eamdem·
659 4354 878 4429 suggestionem
894 4355 959 4428 ans
974 4347 1019 4411 ter
1033 4351 1183 4410 beatitudo
1198 4353 1286 4410 Leoni
1308 4353 1536 4427 arehiepiseopo,
1553 4356 1586 4408 ut
1600 4352 1698 4424 ipsum
1715 4347 1836 4407 Paulum

196 4449 480 4527 mommtnomtm
493 4449 525 4508 in
542 4447 643 4508 arsitio
657 4451 717 4509 sira
732 4451 941 4526 peiVenetias,
958 4451 1018 4509 sive
1032 4449 1151 4508 aliunde
1165 4441 1292 4525 qualiter
1306 4441 1462 4525 potuisset,
1474 4439 1624 4524 dirigeret,
1635 4465 1703 4506 oum
1719 4448 1838 4522 prelata

198 4549 362 4627 apostoliae
371 4546 569 4625 srlgges'tlene.
582 4545 647 4624 lpse
656 4565 723 4607 varo
734 4545 986 4624 arehiepisoopna.
998 4548 1143 4607 insidians
1152 4549 1340 4607 vehementer
1349 4547 1444 4606 eidem
1455 4537 1554 4618 Paulo,
1566 4547 1703 4605 adhibuit
1715 4545 1837 4619 impiam

198 4647 395 4721 messionem,
408 4645 540 4722 dtdgsna
555 4647 650 4706 eidam
666 4647 812 4721 preripere
835 4647 966 4721 pontitioi
981 4647 1011 4704 in
1031 4646 1202 4721 responsis:
1219 4647 1390 4721 itxpedibite
1401 4661 1459 4704 non
1475 4655 1539 4704 esse
1558 4646 1695 4702 eumdem
1716 4642 1837 4701 Paulum

157 4743 180 4807 5
199 4744 272 4805 iliae
285 4745 421 4821 dirigere,
436 4744 467 4802 ia
482 4758 516 4803 so
530 4739 610 4820 qdod
625 4739 1069 4818 Desideriua'tongoba'rdornm
1085 4761 1135 4802 rex
1149 4741 1243 4802 tilium
1265 4736 1396 4803 mauricii
1412 4743 1497 4801 dunis
1510 4742 1698 4800 venetiarum
1714 4741 1792 4814 apud
1808 4757 1839 4799 se

201 4839 322 4919 raptum
337 4843 492 4912 sedasset,
506 4855 545 4900 ns
559 4841 623 4916 ipse
635 4839 807 4913 Maenalus,
818 4837 912 4899 tilium
928 4836 1017 4900 adum
1027 4841 1149 4916 rapiens
1162 4843 1199 4898 ab
1214 4833 1316 4898 eedem
1332 4849 1399 4914 rege
1413 4839 1550 4914 reoipere,
1561 4841 1697 4898 eumdem
1713 4838 1838 4896 Paulum

202 4939 405 5000 treviensem
418 4937 555 4998 traheret.
570 4939 648 4997 ileos·
667 4935 784 5013 qoniam
809 4935 993 4997 messionem
1012 4940 1075 5014 ipse
1090 4933 1328 5013 archiepiscopus
1342 4933 1476 4996 neusse
1500 4936 1711 4995 Rauennatium
1735 4934 1840 4992 eallide

200 5035 339 5102 s'tlhihuit
352 5043 386 5096 at
399 5033 499 5113 ipsum
514 5035 635 5096 matam
652 5031 837 5112 exstinguere
849 5037 975 5109 vaieret3
992 5037 1092 5111 stoque
1114 5036 1229 5094 remisit
1243 5037 1280 5093 ad
1296 5028 1487 5111 apostolicam
1504 5036 1603 5093 sedem
1619 5033 1837 5110 suggestionem

202 5136 233 5194 'i
254 5145 306 5195 m:
902 5153 906 5160 ·

200 5135 221 5196 ¹¹
235 5155 316 5293 ζῆ
334 5231 552 5293 rutpertum
562 5229 630 5291 olam
646 5233 713 5308 ipso
723 5225 929 5290 santissimos
943 5231 1048 5308 presul
1061 5231 1215 5289 direxisset
1225 5232 1397 5308 tlr'egoriam
1409 5225 1594 5291 saoellsrium
1606 5247 1693 5289 suum
1709 5228 1744 5284 ad
1756 5225 1837 5283 Desi-

201 5331 318 5391 dedant
333 5331 592 5406 magsterdorom
608 5327 707 5406 regem
721 5325 936 5404 deprhtatioatis
951 5325 1040 5404 dique*
1052 5329 1226 5388 hortationis
1240 5341 1330 5390 oattsa
1344 5347 1396 5407 pro
1412 5327 1600 5389 restituendis
1615 5325 1742 5402 prelatis
1754 5323 1790 5379 ah
1801 5337 1835 5378 eo

202 5429 310 5489 ablatis
323 5429 500 5500 civitatibus,
511 5429 649 5505 presepit
663 5428 689 5487 ei
705 5433 737 5486 ot
751 5429 875 5488 tirmiter
889 5431 1103 5488 ooatestaretur
1118 5433 1241 5486 Monam
1256 5427 1509 5504 arehiepiscopum
1525 5431 1668 5500 quatenns
1683 5435 1750 5479 eam
1766 5435 1836 5475 eoa-

204 5541 319 5586 sertare
333 5525 465 5586 nodaret
478 5527 612 5597 Panlumt
623 5532 653 5584 et
667 5523 734 5585 dum
751 5518 943 5584 reverteretur
956 5540 974 5583 a
988 5520 1213 5598 i'ioino,'seoum
1229 5540 1296 5583 snm
1314 5527 1372 5583 huo
1394 5527 1515 5584 Romam
1529 5523 1688 5580 reduoeret.
1701 5517 1837 5591 Dumque

723 5652 850 5700 sernas
868 5649 1061 5698 assumas!
1082 5650 1241 5697 rassermt

163 5739 221 5814 (ai‘
235 5740 394 5802 adventio.
432 5743 485 5814 tii*
500 5740 699 5802 havisaoaem.
736 5741 846 5816 (etha
861 5740 1172 5814 patriamiiiopraiato
1186 5739 1216 5798 in
1232 5757 1307 5798 oero.
1344 5734 1507 5808 (dimisit.
1545 5733 1581 5808 (s)
1591 5736 1623 5800 Β,
1635 5731 1835 5808 praeciperent.
