4052 6164
218 90 296 152 raes
799 78 1006 142 rslsrasu
1027 39 1341 140 siuurornumsu
1848 63 1924 135 {aas

288 223 406 290 cratur;
423 219 509 290 cujus
524 221 589 290 pest
603 232 715 284 casum,
733 213 866 272 Ecclesiae
883 212 995 285 apicem
1013 210 1142 283 suscepit
1156 208 1358 282 Gregoriusri
1372 226 1430 281 quo
1446 224 1513 264 cum
1530 195 1703 282 diligentius
1720 205 1912 280 predict-ussi

290 321 447 386 amaretur,
464 315 747 388 archipresbyterum
763 330 829 368 eum
845 311 874 366 in
889 315 991 367 sancte
1005 308 1152 365 ordinavit
1166 307 1302 364 Ecclesia.

325 418 400 475 481
419 415 473 482 Qui
487 431 555 471 vero
566 430 633 470 cum
644 430 696 485 per
705 411 849 468 sexdecim
861 407 1052 465 solertissime
1063 406 1256 479 gubernasset
1265 404 1424 462 Ecclesiam
1436 421 1529 462 anuos
1540 404 1576 461 ad
1588 407 1718 460 extrema
1728 403 1839 460 ductus
1850 420 1930 460 occu·

288 515 363 572 buit.
376 515 458 571 Tune
468 530 535 569 vero
545 527 612 569 cum
624 526 757 585 proceres
768 513 796 565 ei
806 509 943 564 Romana
957 505 1038 561 urhis
1050 503 1216 577 optimates,
1224 503 1436 575 universusque
1446 502 1582 561 Ecclesia
1593 502 1719 576 populus
1731 518 1786 576 pro
1797 501 1929 574 eligendo

184 645 189 656 ·
290 612 427 686 pontilioe
438 611 466 666 in
479 627 571 666 unum
587 608 723 674 coissent,
731 611 818 678 atque
830 605 906 660 alius
921 605 957 660 de
972 601 1029 658 alio
1045 606 1077 658 ut
1093 601 1155 658 fieri
1170 601 1283 658 soletin
1294 600 1402 658 talibus
1417 601 1623 667 conclamaret,
1630 600 1728 656 subito
1739 617 1794 673 per
1804 599 1856 655 Dei
1867 615 1930 672 pru·

292 709 452 766 ridentiam
468 708 565 764 divino
580 711 653 762 nutu
669 703 846 776 compuncti,
863 703 899 759 de
915 700 1035 757 antelati
1051 699 1142 772 Sergii
1160 698 1401 772 archipresbyteri
1417 696 1556 774 religione
1570 697 1742 772 diligentius
1757 697 1930 754 confabulor

255 809 274 864 5
291 810 491 880 eoeperunt,ut
505 820 607 861 omnes
623 800 926 873 conclamarent‚quia
941 799 1049 871 dignus
1064 801 1110 854 est
1123 797 1310 870 pontificatus
1325 796 1447 870 adipisci
1463 795 1604 870 regimen.
1614 797 1806 869 Firmatoque
1816 797 1932 852 insum·

292 907 358 962 dem
373 904 468 960 virum
484 901 605 960 oonsilio
621 900 827 972 unusquisque
843 898 872 953 in
887 913 941 954 sua
955 911 1088 952 resersus
1103 899 1157 952 est.
1167 895 1249 952 Tunc
1264 899 1383 968 repente
1397 893 1539 952 diaconus
1553 895 1675 968 quidam
1690 895 1788 970 ipsius
1799 891 1930 950 Ecclesia

290 1003 418 1059 loannes
431 1002 460 1057 in
471 1005 586 1057 tantum
599 999 731 1055 umentia
742 997 935 1070 crepitatque
948 994 1079 1062 insanie,
1092 999 1125 1049 ut
1134 1009 1275 1066 persuaso
1291 994 1418 1066 quedam
1430 991 1501 1052 satis
1515 992 1650 1066 imperite
1660 997 1690 1050 et
1700 991 1814 1066 agresti
1826 991 1931 1066 populo

292 1100 412 1158 collecta
426 1099 661 1156 turbulentorum
677 1103 706 1154 et
721 1096 924 1154 seditiosorum
943 1111 1031 1149 triane
1048 1093 1075 1147 in
1094 1090 1305 1165 patriarchium
1330 1093 1525 1148 lateranense
1549 1093 1686 1166 pervim,
1701 1091 1932 1178 fractisjanuis,

293 1197 405 1254 bellicis
419 1197 486 1253 telis
501 1196 712 1269 ingrederetur,
728 1195 802 1267 logis
816 1199 845 1250 et
860 1193 971 1249 ordinis
987 1190 1171 1246 traditionem
1189 1193 1409 1264 transgressus:
1426 1207 1483 1264 quo
1507 1207 1543 1246 ex
1566 1191 1640 1246 lacto
1664 1207 1772 1246 omues
1788 1187 1843 1262 qni
1860 1187 1935 1245 intra

240 1297 274 1352 l0
294 1294 461 1368 patriarchii
476 1293 714 1350 moeniaoderant
729 1297 847 1364 stupore
858 1297 887 1346 et
897 1295 976 1346 metu
989 1288 1088 1362 repleti
1099 1291 1178 1345 suut.
1191 1287 1283 1362 Igitur
1293 1304 1360 1344 eum
1371 1305 1423 1362 per
1433 1289 1521 1346 unius
1534 1288 1609 1345 hora
1620 1291 1810 1345 momentum
1820 1303 1892 1344 cum
1904 1303 1934 1344 eo

294 1394 343 1450 illa
359 1394 556 1466 perdurasset,
573 1390 711 1464 ignobilis
727 1389 826 1463 populi
843 1389 942 1445 cencio
958 1389 1062 1444 timere
1077 1390 1220 1461 correpta,
1236 1403 1269 1443 eo
1283 1386 1383 1442 relicte
1399 1403 1546 1460 nusquam
1567 1387 1744 1460 comparuit.
1762 1385 1883 1453 Quibus
1897 1385 1935 1441 ita

294 1490 384 1563 gestis
397 1506 498 1546 omnes
509 1488 655 1556 Quiritum
666 1487 812 1560 principes
824 1486 967 1560 indignati
980 1489 1060 1554 sunt,
1071 1489 1099 1540 ei
1109 1484 1257 1541 communi
1274 1483 1395 1541 consilio
1411 1483 1538 1542 universi
1549 1484 1658 1558 pariter
1670 1485 1701 1541 in
1712 1483 1844 1542 basilica
1859 1484 1934 1540 besti

294 1587 410 1645 lilartini
422 1587 597 1644 contessoris
610 1593 698 1659 atque
708 1584 854 1658 pontilicis
865 1584 950 1640 celeri
962 1601 1050 1640 eursu
1063 1599 1227 1656 magnoque
1239 1583 1371 1655 equitatu
1382 1587 1453 1640 sunt
1462 1583 1834 1657 congregatiEteumdem
1847 1581 1936 1638 arehi-

293 1687 497 1760 presbyterum
509 1685 678 1758 Sergiumin
686 1684 822 1740 omnihus
833 1681 1073 1756 probatissimum
1085 1681 1242 1738 virtutibus
1252 1681 1787 1754 virum,deqnesuperiusmemoriam
1800 1677 1933 1750 lecimus,

241 1785 275 1841 ts
294 1783 478 1842 extrahentes
493 1783 528 1840 do
543 1783 667 1840 ecelesia
681 1799 787 1855 magno
803 1799 870 1838 cum
886 1781 1004 1846 honore,
1017 1795 1182 1852 magnaque
1197 1777 1298 1852 pepuli
1312 1777 1469 1836 comitante
1484 1777 1785 1852 catervs,emplisque
1799 1795 1935 1835 resonam

294 1883 374 1938 tibus
389 1881 538 1948 laudibus,
550 1897 617 1938 curn
634 1879 750 1953 hymnis
760 1884 789 1936 et
799 1879 922 1936 canticis
933 1878 1115 1952 spiritalibus
1130 1879 1160 1934 iu
1172 1877 1382 1951 patriarchium
1394 1877 1587 1935 lateranense
1595 1877 1716 1950 electus,
1724 1881 1820 1950 atque
1831 1875 1936 1950 perdu-

295 1983 361 2036 ctus
375 1983 429 2035 est.
447 1979 554 2036 Eodem
569 1994 636 2034 vero
652 1977 698 2033 die
713 1979 796 2034 tante
811 1977 860 2032 nix
875 1975 904 2032 in
921 1976 993 2032 urbe
1008 1975 1100 2032 ell‘usa
1115 1979 1170 2044 est,
1187 1978 1219 2031 ut
1233 1974 1371 2032 omnibus
1387 1973 1542 2032 candidata
1556 1979 1734 2031 cerneretur.
1748 1974 1836 2042 Quod
1853 1970 1935 2030 multi

297 2075 396 2150 gaudii
411 2076 557 2145 dicebant,
575 2079 604 2132 ct
618 2075 762 2132 claritatis
777 2091 841 2132 esse
855 2073 1009 2130 indicium.

330 2174 407 2232 1¹82
423 2173 595 2230 Praedictum
619 2191 687 2230 vero
710 2173 852 2230 loannem
877 2173 1030 2229 diaconem
1046 2172 1081 2228 de
1096 2169 1272 2245 patriarchio
1288 2187 1396 2246 magna
1410 2185 1478 2228 cum
1491 2168 1674 2244 turpitudine
1689 2169 1784 2243 hujus
1798 2170 1935 2227 Romans
2015 2224 2016 2264 y

297 2272 378 2328 urbis
390 2271 537 2345 principes
552 2271 737 2344 expulerunt,
754 2275 782 2327 et
797 2269 905 2327 rrectius
920 2270 949 2326 in
967 2271 1094 2327 claustra
1119 2269 1174 2326 sub
1199 2268 1312 2327 cautela
1337 2269 1415 2327 trudi
1439 2274 1640 2343 preceperunt
1659 2285 1710 2342 pro
1726 2270 1835 2326 eadem
1851 2272 1936 2324 muta

295 2369 468 2426 temeritatis
483 2368 574 2440 impie
584 2371 613 2425 et
623 2369 687 2425 dira
697 2368 934 2442 presumptione,
946 2384 1035 2441 quam
1047 2369 1202 2441 sepefatus
1211 2369 1339 2425 loannes
1350 2367 1491 2424 diaconus
1501 2385 1592 2424 ausus
1603 2371 1649 2424 est
1658 2369 1934 2440 perpetrare-Quem

295 2465 382 2522 etiam
399 2465 521 2523 concilio
536 2465 703 2523 antistitum
719 2465 865 2540 principes
881 2467 1030 2534 damnare,
1038 2483 1150 2539 suoque
1164 2464 1320 2522 voluerunt
1334 2464 1441 2538 privari
1456 2465 1572 2523 honore.
1581 2465 1699 2522 Necnon
1709 2469 1737 2522 el
1748 2463 1801 2522 alii
1811 2463 1934 2522 sumbus

258 2563 276 2619 5
294 2563 481 2620 membratim
497 2581 564 2620 eum
581 2563 732 2632 dilaniare,
751 2580 784 2620 ac
799 2563 966 2620 interimere
980 2563 1145 2620 voluerunt.
1164 2564 1220 2621 Sed
1234 2564 1289 2620 boc
1305 2564 1366 2620 lieri
1383 2564 1528 2638 benignus
1543 2567 1573 2619 et
1585 2561 1801 2620 solertissimus
1812 2562 1934 2636 Sergius

294 2659 399 2734 presul
416 2661 575 2734 prohibuit,
592 2661 694 2717 nolens
709 2660 820 2717 malum
836 2678 888 2734 pro
905 2659 981 2718 malo
998 2662 1160 2718 seeundum
1177 2660 1372 2735 evangelicum
1388 2661 1526 2735 cuiquam
1542 2660 1662 2717 reddere
1675 2676 1778 2717 rocem
1792 2661 1935 2734 (n).'l'uuc
2016 2721 2017 2730 y

294 2761 412 2816 demum
429 2760 644 2818 exsultantibus
655 2759 792 2816 cornibus
804 2759 1015 2830 sacerdotibus,
1023 2759 1194 2833 proceribus
1203 2763 1231 2816 et
1239 2755 1441 2834 optimatibus,
1449 2759 1645 2832 omnibusque
1654 2757 1792 2815 Ecclesia
1801 2756 1933 2832 populis,

292 2858 369 2914 idem
385 2857 591 2915 sanctissimus
606 2858 650 2912 vir
663 2857 694 2913 in
710 2857 869 2930 apostolica
883 2857 959 2913 beati
976 2857 1051 2914 Petri
1068 2857 1268 2916 sacratissima
1283 2858 1352 2915 sede
1366 2858 1519 2915 ordinatus
1534 2861 1782 2929 consecratusque
1796 2859 1844 2912 est
1860 2873 1934 2930 pou·

294 2955 374 3012 tilex.

330 3054 407 3111 488
424 3054 493 3110 Erat
506 3053 584 3109 enim
600 3052 710 3126 origine
726 3052 862 3125 insignis,
874 3053 931 3108 lide
942 3069 1044 3125 purus,
1057 3052 1262 3127 predicatione
1276 3053 1403 3121 liberior,
1420 3054 1478 3111 Deo
1494 3052 1626 3124 humilis,
1634 3051 1807 3110 homiuibus
1822 3051 1934 3116 claros,
2017 3086 2018 3106 t

294 3150 375 3206 vultu
391 3149 507 3221 alacris,
524 3155 621 3207 mente
637 3149 768 3219 alacrior,
787 3149 982 3206 Ecclesiarum
997 3151 1185 3224 gubernator,
1201 3150 1330 3223 plebium
1347 3150 1451 3220 cultor,
1469 3168 1631 3225 pauperum
1653 3151 1759 3220 laetor,
1774 3150 1935 3207 viduarum
2017 3179 2018 3188 κ

294 3252 410 3320 tegmen
434 3252 462 3304 et
487 3253 651 3305 consolator
679 3248 885 3322 indigentium,
911 3247 1033 3321 largitor
1053 3249 1264 3321 dispersorum,
1290 3253 1532 3323 congregatorum
1557 3253 1767 3306 conservator:
1795 3249 1935 3304 inanium

294 3346 537 3419 saeculariumque
552 3364 650 3403 rerum
666 3352 858 3419 contemptor,
875 3345 946 3402 solis
961 3346 990 3402 in
1005 3347 1153 3420 sapientie
1177 3346 1286 3403 divitiis
1312 3347 1414 3404 avidus
1429 3352 1457 3404 et
1471 3351 1594 3405 amator.
1610 3347 1705 3419 Hujus
1724 3345 1934 3404 sacratissima

257 3445 275 3500 5
291 3429 520 3502 consecrationis
536 3463 602 3502 curn
619 3446 655 3502 ad
671 3461 755 3501 aures
771 3443 956 3501 invictissimi
971 3445 1096 3518 Augusti
1113 3443 1241 3510 Letharii
1257 3462 1358 3502 rumor
1373 3445 1553 3518 pervenisset
1563 3443 1934 3518 imperatorisDrogeuem

293 3541 427 3598 videlieet
443 3542 581 3599 Maiensis
595 3542 730 3599 Ecclesia
747 3541 1012 3614 archiepiscopum,
1027 3559 1095 3599 oum
1123 3542 1365 3600 excellentissimo
1393 3543 1538 3600 Ludovico
1568 3542 1627 3598 lilio
1658 3559 1721 3609 sue,
1739 3557 1849 3616 magno
1865 3559 1934 3598 cum

297 3641 474 3695 Francorum
489 3639 616 3695 exercitu
633 3641 755 3695 Romam
771 3639 876 3696 direxit
892 3657 898 3695 :
915 3655 983 3695 eum
998 3640 1105 3712 quibus
1120 3641 1209 3697 etiam
1225 3639 1459 3715 archiepiscopos
1469 3639 1626 3713 pluresque
1637 3640 1801 3714 episcopos,
1809 3640 1934 3696 abbates

207 3763 210 3770 ¹
296 3739 325 3792 ct
334 3737 455 3792 comites
470 3737 613 3809 proticisci
631 3737 777 3809 praecepit.
790 3735 849 3809 Ipsi
859 3753 935 3804 vere,
948 3753 1033 3810 aquo
1042 3738 1072 3793 in
1084 3755 1150 3795 oras
1161 3739 1296 3796 Benomae
1308 3737 1433 3798 civitatis
1443 3755 1510 3796 cum
1522 3737 1670 3812 belligeris
1682 3737 1744 3796 suis
1754 3735 1936 3795 exercitibus

295 3837 365 3890 sunt
379 3832 515 3907 ingressi,
530 3839 629 3892 tantas
644 3835 736 3891 credes
751 3837 908 3907 tantasque
923 3838 1036 3908 strages
1051 3835 1080 3890 in
1096 3833 1203 3909 populo
1219 3839 1393 3910 peregerunt
1407 3841 1440 3893 ut
1455 3835 1504 3910 qui
1527 3853 1578 3909 per
1600 3837 1687 3893 urbes
1703 3840 1730 3892 et
1745 3827 1833 3910 agros
1849 3843 1936 3893 erant

240 3933 274 3988 10
292 3931 444 4005 tyrannica
459 3932 631 3989 crudelitate
647 3932 803 4004 perterriti,
820 3930 928 3988 relictis
944 3932 1070 4005 propriis
1085 3932 1167 4002 locis,
1185 3950 1236 4006 per
1259 3933 1323 3990 locu
1346 3935 1446 3990 abdita
1469 3937 1498 3991 et
1516 3933 1644 3991 latebras
1659 3951 1690 3992 se
1705 3931 1935 3991 absconderent

294 4031 366 4086 Cum
389 4047 456 4086 vere
480 4030 541 4087 liae
565 4045 618 4103 per
646 4047 762 4086 omnem
792 4029 889 4086 locum
918 4030 1107 4104 singulasque
1131 4047 1183 4104 per
1207 4031 1293 4088 urbes
1309 4036 1396 4105 atque
1411 4031 1489 4089 meos
1504 4035 1533 4088 et
1547 4047 1634 4106 agros
1650 4049 1724 4088 sava
1738 4038 1936 4105 operarentur

295 4128 435 4201 nequitia,
452 4129 487 4185 ad
503 4133 621 4201 pontem
637 4133 830 4202 pervenerunt
844 4127 975 4199 Capellae.
992 4130 1143 4202 Tantaque
1172 4134 1234 4186 erat
1256 4133 1327 4186 tunc
1351 4129 1414 4186 coeli
1434 4127 1577 4188 serenitas
1590 4134 1623 4186 ut
1636 4133 1696 4186 toto
1711 4130 1742 4186 iu
1755 4147 1824 4187 aere
1838 4131 1935 4187 nubes

294 4231 346 4284 aut
360 4226 463 4300 pluviae
478 4227 596 4300 signum
611 4226 768 4299 quisquam
782 4226 880 4282 videre
896 4243 954 4282 non
969 4227 1232 4299 potuisset:subito
1246 4243 1313 4284 vero
1329 4232 1525 4284 atr-erumnae
1535 4227 1650 4284 modica
1658 4227 1790 4284 densitas
1806 4229 1933 4284 nubium

294 4326 370 4382 lacta
386 4330 439 4394 est,
457 4325 659 4398 nimbosisque
674 4325 809 4398 procellis
824 4330 851 4382 et
867 4325 1118 4383 coruscationibus
1134 4325 1317 4395 circumdati,
1330 4326 1449 4398 quidam
1465 4327 1501 4382 de
1516 4325 1693 4401 primatibus
1709 4325 1857 4401 Dregonis
1869 4344 1935 4385 oon·

240 4424 275 4480 l5
293 4423 396 4480 siliarii
411 4423 543 4479 fulminis
558 4423 618 4480 ictu
634 4424 765 4496 percussi
782 4441 815 4480 ac
830 4423 996 4497 interempti
1013 4428 1091 4482 sunl.

330 4523 408 4579 484
424 4522 482 4578 lieo
496 4521 629 4579 videntes
643 4521 781 4579 horribile
797 4522 916 4595 signum
941 4521 1031 4578 nimio
1056 4539 1158 4579 omnes
1178 4523 1283 4578 timore
1308 4521 1411 4578 Franci
1438 4522 1563 4595 correpti
1593 4526 1672 4579 suut.
1689 4521 1746 4579 Sed
1763 4521 1935 4581 nullalenus

294 4621 401 4677 mentis
418 4621 596 4678 ferocitatem
613 4621 791 4694 deponentes
807 4619 896 4676 atroci
910 4620 1056 4676 voluntate
1071 4621 1106 4676 ud
1124 4619 1231 4676 Urbem
1245 4619 1382 4676 velociter
1395 4620 1601 4693 properabant.
1627 4623 1758 4687 Quorum
1771 4621 1933 4678 adventum

294 4719 458 4776 antedictus
473 4719 662 4776 beatissimus
677 4734 754 4792 papa
768 4718 887 4792 Sergius
904 4717 964 4774 lieri
981 4718 1102 4790 propius
1118 4735 1185 4775 curn
1200 4717 1393 4792 cognovisset,
1410 4717 1439 4773 in
1454 4718 1520 4790 ejus
1535 4717 1775 4776 excellentissimi
1791 4719 1932 4776 Ludorici

294 4817 370 4889 regis
386 4834 540 4875 occursum
555 4818 705 4874 universos
716 4818 832 4889 judices
848 4817 884 4873 ad
900 4817 958 4873 lere
973 4833 1076 4873 nesem
1101 4816 1239 4874 milliaris
1262 4817 1298 4874 ab
1318 4817 1373 4873 hae
1388 4817 1519 4873 Romana
1533 4815 1606 4873 urhe
1621 4815 1736 4873 direxit.
1754 4819 1849 4883 Quem
1865 4835 1931 4875 cum

256 4915 274 4968 5
293 4914 385 4987 signis
400 4919 427 4972 et
443 4917 558 4988 magnis
573 4916 778 4974 resonantibus
789 4915 926 4973 laudibus
942 4917 1186 4988 susceperunt.Et
1200 4915 1272 4972 dum
1288 4915 1357 4972 Urbi
1372 4931 1446 4988 pene
1461 4913 1551 4972 unius
1566 4913 1696 4971 milliarii
1713 4913 1811 4988 spatio
1826 4933 1931 4990 appro-

293 5011 475 5082 pinquasset,
488 5015 637 5071 universas
652 5015 764 5072 militia
780 5014 896 5073 scholas
907 5031 966 5070 una
976 5031 1043 5070 eum
1058 5014 1189 5088 patronis
1204 5013 1319 5070 direxit.
1331 5012 1441 5086 Dignus
1451 5011 1634 5070 nobilissimo
1645 5013 1707 5086 regi
1716 5011 1931 5071 laudesemnss

293 5113 440 5180 canentes,
458 5111 587 5183 aliosque
615 5113 724 5170 mililiae
754 5114 940 5172 doctissimos
968 5115 1081 5170 Graeces
1109 5112 1314 5185 imperatorias
1337 5109 1440 5168 laudes
1465 5111 1664 5180 decantantes,
1682 5127 1750 5168 cum
1768 5110 1930 5170 dulcisonis

293 5207 462 5264 earumdem
478 5207 598 5264 laudum
613 5211 734 5266 vecibus
757 5211 855 5284 ipsum
881 5229 978 5285 regem
1002 5211 1126 5284 gloriose
1151 5213 1352 5284 susceperuut.
1369 5209 1489 5267 Obviam
1505 5209 1547 5266 illi
1563 5210 1627 5282 ey'us
1642 5210 1786 5266 sanctitas
1801 5207 1930 5284 dirigens

292 5307 473 5364 venerandas
489 5321 601 5376 eruces,
613 5307 683 5362 item
694 5309 787 5381 signs,
801 5311 877 5366 sicut
892 5327 955 5366 mes
972 5315 1016 5366 est
1031 5310 1237 5383 imperatorem
1252 5313 1304 5365 aut
1319 5325 1417 5381 regern
1433 5307 1591 5381 suscipere,
1603 5307 1723 5364 itaeum
1734 5323 1804 5364 cum
1823 5308 1929 5382 ingenti

239 5406 273 5463 te
292 5406 402 5464 honere
417 5404 526 5478 suscipi
544 5405 620 5460 lecit.
638 5407 702 5478 lpse
717 5423 783 5463 vero
801 5409 964 5464 Ludoricus
979 5426 1038 5480 rex,
1054 5425 1113 5480 qua
1126 5407 1198 5464 hera
1213 5405 1269 5464 sibi
1294 5405 1509 5464 sacratissimas
1537 5422 1640 5464 cruces
1664 5422 1697 5462 ac
1712 5405 1801 5480 signa
1816 5407 1929 5463 ebdom

291 5503 443 5563 advenisse
458 5503 617 5577 conspexit,
635 5501 740 5560 alacris
755 5505 849 5560 laetus
866 5505 947 5562 valde
963 5505 1077 5562 letatus
1091 5510 1145 5562 est.
1162 5507 1244 5562 Tune
1261 5521 1314 5562 suo
1328 5504 1463 5563 universo
1489 5521 1556 5561 eum
1580 5504 1699 5578 popule,
1717 5505 1862 5563 omnibus
1876 5505 1928 5561 lie·

290 5604 386 5661 manis
397 5603 549 5676 judicibus
563 5607 592 5660 et
604 5601 713 5660 scholis
728 5603 976 5672 antecedentibus,
993 5605 1029 5660 orl
1046 5604 1164 5660 beatum
1188 5603 1305 5660 Petrum
1330 5602 1445 5660 studuit
1468 5617 1634 5678 properare.
1651 5603 1742 5670 Quem
1762 5603 1926 5661 antedictus

808 5724 933 5772 NOTULAE
954 5727 1148 5775 ltsuslrtstss
1169 5727 1330 5774 sonuerat.

256 5795 295 5870 (a)
311 5797 386 5855 Rern.
401 5817 450 5858 su.
